2918 4854
471 314 615 383 noina
636 314 705 382 111.
749 313 894 380 sonna
916 315 957 380 v.
1145 298 1153 315 “
1256 314 1321 380 285

203 487 290 562 Quid
303 484 386 553 mihi
400 486 597 572 respondes?
638 487 697 552 De.
714 485 863 550 Fratrem
877 484 1075 564 conveniam,
1091 485 1219 574 Hegio:
1317 468 1323 479 ¹

202 585 238 651 Ie
252 587 338 673 quod
352 584 434 648 mihi
449 585 488 648 de
503 584 563 648 hac
578 607 614 648 re
628 584 753 649 dederit
768 584 937 649 concilium
951 584 986 648 id
1000 607 1124 670 aequm.

202 685 264 749 He.
288 684 352 748 Sed
366 683 488 747 Demea
502 682 562 747 hoc
577 691 614 745 tu
629 682 736 759 facito,
753 705 827 747 cum
842 683 949 747 animo
964 683 1086 768 cogites
1288 699 1323 747 55

204 782 310 853 Quam
323 804 380 846 voe
395 781 547 845 facillime
562 781 669 864 agitis,
686 803 784 865 quam
798 780 875 844 estis
888 780 1029 845 maxime

204 879 365 956 Potentes,
384 879 475 955 dites,
492 878 658 954 fortunati,
674 878 807 954 nobiles,

204 978 284 1042 Tam
297 977 509 1042 maximenon
523 998 624 1061 aequo
639 976 747 1040 animo
762 998 863 1061 aequa
878 996 1007 1040 noscere

205 1075 348 1160 Oportet,
365 1075 393 1139 si
407 1098 463 1139 vos
476 1073 576 1138 vultis
590 1073 753 1158 perhiberi
767 1074 891 1157 probos.

204 1175 261 1237 De.
285 1172 423 1236 Redito:
447 1172 526 1236 fient
540 1195 622 1256 quae
636 1171 707 1235 fieri
722 1194 860 1257 aequum
875 1177 922 1235 eet
937 1169 1055 1235 omnia.
1288 1181 1324 1234 60

205 1272 266 1335 He.
290 1271 391 1334 Decet
405 1278 438 1334 te
453 1269 565 1334 facere.
611 1270 694 1334 Geta
708 1269 771 1333 duc
785 1292 837 1332 me
852 1269 938 1332 intro
953 1268 994 1332 ad
1009 1267 1194 1333 Sostratam.

204 1370 261 1432 De.
285 1368 318 1433 N
319 1390 361 1432 οιι
375 1391 427 1432 me
441 1367 603 1432 indicente
617 1367 696 1432 hacc
710 1367 802 1431 finnt.
848 1367 985 1431 Utinam
999 1365 1053 1431 bic
1068 1367 1111 1431 ait
1124 1367 1218 1430 modo

206 1466 423 1531 Defunctum:
446 1489 559 1530 verum
573 1465 675 1530 nimia
689 1465 783 1530 illaec
797 1464 929 1530 licentia

206 1563 354 1628 Profecto
369 1564 482 1628 evadet
496 1563 532 1627 in
546 1563 676 1648 aliquod
690 1585 847 1649 magnum
861 1560 992 1626 malum.

206 1661 266 1727 Ibo
280 1684 317 1727 ac
331 1662 494 1749 requiram
508 1661 652 1739 fratrem,
668 1667 705 1725 ut
719 1661 755 1725 in
769 1684 844 1726 eum
857 1660 937 1725 haec
951 1681 1106 1724 evomam.
1290 1669 1325 1722 ⁶5

371 1869 492 1937 AOTU
493 1870 515 1935 S
537 1869 693 1936 TERTII
716 1868 861 1935 SCENA
884 1866 1071 1942 QUINTA.

664 2047 780 2093 HEGIO.

208 2172 300 2238 Bono
314 2169 422 2237 animo
436 2171 487 2236 iac
502 2169 554 2249 sie,
571 2170 735 2248 Sostrata3
758 2175 791 2233 et
806 2167 910 2245 iatam,
927 2168 1014 2253 quod
1027 2176 1126 2252 potes,

208 2271 274 2335 Fac
289 2271 457 2336 consolere.
502 2270 574 2355 Ego
589 2269 772 2343 Micionem,
789 2265 817 2329 si
831 2265 917 2351 apud
932 2264 1038 2330 forum
1052 2272 1109 2343 eet,

154 2434 195 2479 55.
213 2431 270 2479 Hoc
286 2435 314 2479 te
323 2430 416 2491 scelte,
432 2445 488 2479 rum
505 2432 586 2478 aalma
603 2427 704 2491 coellec]
739 2440 798 2488 goes
807 2426 866 2473 with
878 2426 941 2474 Geta
949 2430 975 2474 to
987 2439 1027 2474 aee
1039 2426 1161 2484 Sostrata
1178 2426 1236 2475 with
1247 2426 1327 2475 whom

122 2494 415 2556 ‘Cogitamcumanimo'
427 2493 707 2543 iasonndinonecrtwo
739 2506 775 2538 we
786 2496 852 2538 must
867 2505 973 2553 enppoee
984 2490 1034 2538 him
1050 2496 1076 2538 tc
1088 2490 1148 2538 hare
1158 2505 1190 2538 an
1204 2491 1327 2539 interview

122 2559 203 2622 pleoee
213 2560 238 2607 in
250 2560 334 2608 Cicero
345 2559 397 2622 (aee
411 2558 555 2622 Foroellini).
589 2559 614 2606 12
624 2572 707 2606 occure
739 2557 765 2603 in
782 2556 825 2603 the
841 2556 943 2603 interval
959 2554 1068 2603 betireen
1084 2554 1133 2603 thia
1147 2556 1195 2604 aad
1212 2557 1254 2604 the
1268 2564 1328 2604 next

123 2625 174 2672 aleo
185 2625 211 2671 in
223 2625 330 2682 Plantae,
342 2624 492 2672 Mostellaria
501 2624 535 2671 iii.
547 2627 571 2672 2.
585 2626 628 2672 1³:
742 2635 820 2668 scene.

135 2717 152 2744 ‘⁴
161 2716 244 2767 Quum
256 2711 333 2777 ma'gie
344 2698 422 2776 cogito
433 2730 487 2763 eum
499 2728 553 2762 meo
564 2715 653 2770 animo,
774 2687 814 2732 ω·
832 2685 891 2732 ΝΜ
905 2698 944 2731 ”⁸²
957 2684 1079 2733 ‘mm‘
1091 2684 1236 2746 imflm]
1271 2683 1328 2732 ‘All

156 2780 665 2842 ο
742 2747 1328 2811 u

743 2879 864 2927 οιοωιὶιο
873 2877 1016 2939 indulgence
1026 2879 1074 2925 will
1086 2879 1202 2940 certainly
1211 2878 1287 2927 result
1301 2879 1328 2926 in

124 2945 183 2994 ini.
197 2947 219 2994 1.
231 2950 247 2993 t
258 2961 294 2993 we
310 2946 372 2993 have
389 2947 483 2998 “Quae
498 2945 525 2992 in
541 2948 638 2992 teuxor
654 2943 711 2991 dicit
743 2958 811 2991 come
821 2943 963 3004 ymerii!
997 2943 1151 2991 ‘Indicente'
1168 2943 1258 2991 iibere
1270 2943 1328 2990 uaed

124 3016 221 3072 etqnae
232 3011 257 3058 in
268 3011 350 3059 animo
361 3008 477 3071 cogitat.”
743 3007 782 3056 ior
798 3007 985 3055 ‘nondicenta'
1018 3007 1097 3055 There
1107 3009 1229 3070 iaagloea
1244 3008 1270 3055 in
1286 3008 1329 3055 the

157 3077 198 3124 66.
220 3076 347 3132 Quantos
348 3075 488 3136 facillime.
499 3106 505 3121 .
516 3073 633 3135 .protea]
648 3072 713 3120 ‘The
746 3072 864 3120 Bembina
880 3072 1028 3135 manuscript
1042 3073 1067 3119 in
1086 3072 1164 3120 which
1184 3073 1225 3121 the
1241 3073 1329 3135 phrase

123 3154 191 3188 more
211 3141 284 3201 easily
304 3155 351 3201 you
370 3140 425 3196 live,
442 3139 484 3186 the
502 3153 569 3185 more
589 3137 712 3200 powmnd,
744 3137 874 3199 iaapolreh
891 3136 920 3183 of
935 3151 962 3184 aa
980 3138 1085 3199 unique;
1104 3137 1149 3185 bnt
1166 3138 1187 3185 it
1202 3152 1286 3186 occure
1301 3139 1328 3185 in

123 3203 183 3261 rich,
193 3205 397 3267 proepemne‚and
410 3204 481 3251 noble
490 3218 538 3265 yon
549 3217 597 3259 are,
606 3217 633 3249 eo
641 3201 712 3249 much
746 3201 805 3264 Livy
817 3202 874 3249 nii.
892 3203 939 3250 39:
958 3206 975 3229 ‘⁴
984 3201 1009 3248 Si
1022 3207 1065 3248 ent
1080 3202 1205 3264 collegam,
1220 3202 1245 3249 id
1263 3201 1328 3265 qnod

124 3269 244 3316 themcre
254 3284 302 3331 yon
313 3269 389 3331 ought
399 3269 467 3316 inan
486 3267 633 3315 hononrable
643 3267 713 3329 apirit
745 3267 849 3322 mallem,
869 3266 906 3313 tui
928 3265 1038 3321 omnem,
1057 3265 1087 3314 L.
1107 3267 1202 3323 Aemili,
1220 3267 1328 3324 haberes,

123 3338 150 3381 to
167 3333 220 3380 deal
236 3333 393 3395 hononrably.
407 3333 429 3380 if
442 3347 489 3395 you
506 3333 563 3379 nich
581 3337 607 3378 to
624 3328 654 3378 be
671 3345 711 3378 ac·
743 3336 786 3377 aut
797 3330 1069 3391 tnoollegaetnieimilia
1076 3345 1330 3394 eaeea,eupervacaoea

124 3399 228 3445 conoted
251 3397 331 3459 good)
372 3398 419 3445 For
445 3395 629 3460 ‘qnam-tam’
653 3395 710 3443 with
743 3395 1200 3444 erectoratiomeaznametdooboni
1210 3396 1328 3453 consuler,

124 3463 413 3575 mibanati
429 3461 651 3574 titini·
664 3463 709 3572 t·
743 3458 1329 3572 {iiiiiffil‘illffllllihli}

124 3591 493 3653 grammarathatlheveaeen.
527 3590 629 3637 Neither
639 3539 712 3637 Mai
743 3590 829 3636 reatris
855 3604 899 3636 nec
925 3558 1024 3636 obueilia
1050 3589 1136 3637 animia
1165 3587 1329 3650 conpererim

125 3656 165 3717 vig
182 3671 228 3703 nor
240 3656 293 3718 Key
304 3656 349 3703 hae
359 3657 387 3704 it.
419 3655 444 3703 lt
455 3656 475 3702 is
486 3655 574 3716 simply
590 3669 621 3701 en
637 3653 711 3716 adap-
744 3654 872 3701 Foroellini
906 3658 975 3701 notae
994 3654 1045 3701 aleo
1064 3653 1157 3710 Cicero,
1175 3653 1213 3700 De
1230 3651 1330 3700 Finibus

124 3721 202 3768 bnon
213 3719 242 3767 oi
256 3721 298 3768 the
310 3720 397 3768 Greek.
431 3720 549 3782 Compare
559 3718 711 3780 Thucydideo
742 3718 767 3765 ii.
783 3719 808 3774 3,
824 3718 869 3766 bnt
914 3733 928 3765 e
949 3717 1004 3765 beat
1020 3719 1119 3778 reading
1136 3718 1206 3765 there
1222 3716 1243 3764 ie
1265 3721 1329 3763 ‘non

125 3785 234 3832 vitiae:
251 3784 304 3848 ὅσῳ
321 3785 433 3843 μάλιστα
450 3785 491 3831 καὶ
506 3782 628 3844 ὗλιύθιροι
645 3781 713 3840 ἦσαν
745 3781 856 3830 dicente!
882 3782 1045 3830 ‘Defunctum
1056 3781 1330 3843 ait'iehereepaasive

126 3851 220 3897 ναῦται
239 3849 351 3912 τοσούτῳ
371 3850 412 3896 καὶ
432 3848 581 3909 θρασύτατα
602 3862 713 3905 roccae·
744 3846 898 3908 impersonal,
914 3861 941 3893 ae
957 3846 982 3892 in
1000 3847 1061 3907 Livy
1075 3846 1100 3892 ii.
1116 3847 1164 3894 θῦε
1182 3845 1253 3892 “Sed
1269 3845 1330 3892 adeo

126 3911 216 3969 οὸντις
228 3915 274 3962 τὸν
290 3913 385 3975 μισθὸν
400 3911 529 3975 ἀπῄτουν.
564 3911 653 3958 Sallust
669 3910 713 3958 bae
744 3910 838 3958 infensa
858 3915 910 3957 erat
931 3917 1013 3957 coorta
1030 3909 1099 3972 plebe
1117 3916 1147 3957 nt
1163 3909 1235 3956 nnius
1251 3923 1331 3971 poena

124 3978 167 4025 the
179 3992 244 4024 rame
255 3979 419 4025 construction
429 3978 454 4024 in
463 3976 585 4037 iugurtha
593 3976 667 4023 81:⁶⁴
675 3974 714 4021 lta
745 3974 922 4034 defungendum
934 3979 998 4021 meet
1011 3972 1146 4036 patribus.”
1174 3971 1330 4034 ‘Defungor'

125 4043 320 4154 &amnisque
338 4043 442 4104 pmeime
460 4041 524 4098 lecit,
540 4047 590 4088 tam
610 4038 713 4086 maxime
745 4039 842 4149 hattho
853 4037 981 4149 ριῖιιοιῖἰίι
992 4053 1063 4149 'smil
1071 4039 1135 4149 obeb
1129 4037 1214 4150 being³⁸
1211 4039 1264 4100 quit
1270 4037 1303 4150 ff
1315 4052 1331 4085 a

242 4107 267 4154 ,’
825 4116 934 4149 renen
974 4117 1054 4150 aeae.
1145 4117 1177 4149 no
1225 4117 1258 4149 on

157 4173 198 4218 tio.
215 4171 317 4233 Redito]
350 4170 428 4232 Hegio
439 4170 486 4217 hed
504 4168 594 4230 spoken
606 4167 647 4214 the
658 4182 713 4230 pre·
745 4118 843 4214 idceieit.
855 4166 902 4213 and
918 4166 950 4213 iv.
960 4169 1002 4215 οἳ.
1036 4167 1142 4214 Schera
1158 4166 1250 4214 Demea
1266 4118 1331 4229 myli

125 4235 211 4296 ceding
227 4235 305 4283 worda
324 4237 425 4297 angrity,
443 4235 490 4281 and
509 4248 558 4280 nea
576 4233 659 4292 taking
676 4232 714 4278 hie
747 4231 848 4279 ‘lwieh
860 4230 913 4277 that
924 4245 961 4277 we
971 4246 1032 4279 were
1043 4231 1096 4294 quit
1106 4230 1184 4280 nithe
1193 4231 1262 4280 affair
1272 4232 1332 4281 with

124 4299 267 4361 departure:
291 4300 383 4347 Demea
405 4315 459 4347 now
480 4298 564 4346 rocella
585 4297 644 4354 him,
665 4296 714 4343 and
745 4290 932 4344 thiabneioeee.'

123 4365 241 4426 promisee
257 4364 312 4411 that
327 4364 384 4426 they
402 4364 449 4411 will
465 4363 497 4410 do
511 4362 543 4409 all
559 4361 612 4408 thet
628 4360 659 4407 he
675 4375 713 4408 re·
1240 4368 1243 4373 '

124 4429 215 4493 quirce.
248 4429 323 4491 Upon
340 4429 485 4490 thatllegio
499 4427 578 4475 leerea
594 4425 654 4484 him,
665 4425 713 4473 end
777 4427 833 4474 Acr
850 4424 900 4474 111.
924 4425 1013 4474 svm:
1030 4425 1062 4475 V.
1094 4424 1331 4490 monteno-
