2918 4854
476 304 1041 377 HEAUTONTIMORUMENOS.

249 486 320 550 ozie.
344 481 514 547 Laudabis.
561 480 616 561 Sy.
640 478 725 543 Vide
741 477 792 543 sie.
841 476 911 542 orit.
936 476 1084 540 Tutemet
1098 472 1266 538 mirabere.

247 583 301 664 Sy.
326 581 389 645 Sed
403 591 500 665 quam
514 578 578 642 cito
593 586 669 641 sunt
683 581 869 640 consecutae
883 574 1033 638 mulieres
1046 572 1054 636 l

250 682 320 746 out.
346 679 413 743 Ubi
438 678 541 743 sunt?
572 699 629 741 cur
648 674 794 739 retines?
838 672 893 753 Sy.
917 672 993 736 Jam
1015 694 1102 735 nunc
1125 670 1204 734 haec
1225 691 1292 734 non
1315 676 1363 733 est

249 786 435 951 &iliadum
459 872 545 957 apud
558 877 702 955 patrem:
724 874 758 932 at
772 889 858 931 nunc
871 865 1012 930 interim.
1048 865 1103 947 Sy.
1119 863 1232 929 Nihilo
1246 785 1363 948 magliasi

249 972 320 1036 orit.
345 970 429 1033 Sine.
467 968 520 1050 Sy.
544 967 621 1032 Non
635 967 748 1042 sinam,
763 965 906 1049 inquam.
944 962 1015 1028 otu.
1040 961 1173 1037 Quaeso,
1188 961 1361 1046 paulisper.

195 1133 199 1137 ’
250 1068 465 1231 ozil'slih
480 1163 627 1227 salutem.
675 1159 729 1240 sy.
753 1157 868 1235 soce,
886 1156 1022 1242 sisapis.
1070 1155 1140 1220 cat.
1164 1154 1222 1218 no.

247 1262 334 1334 Quid
351 1261 452 1326 istic?
496 1258 551 1341 Sy.
574 1257 730 1323 Manebit.
779 1256 850 1320 Old.
874 1254 902 1319 Ο
925 1253 1090 1319 hominem
1111 1251 1258 1316 feliceml
1306 1250 1360 1332 Sy.

288 1358 439 1423 Ambula.

385 1624 529 1689 AOTUS
550 1623 747 1691 SECUNDI
769 1625 915 1692 SUENA
937 1627 1133 1701 Qunam.
1221 1694 1225 1704 ,

408 1827 552 1870 aaoems.
597 1827 791 1872 summus.
836 1829 957 1874 CLINIA.
1003 1830 1111 1875 SYBUS.

249 1965 308 2028 Ba.
332 1963 476 2049 Aedepol
490 1972 532 2041 te,
548 1988 619 2029 mea
634 1963 816 2050 Antiphila,
832 1966 927 2031 leudo
942 1973 975 2030 et
989 1965 1184 2031 fortunatam
1196 1967 1317 2053 judico,

250 2063 291 2126 Id
305 2084 406 2148 quum
420 2062 580 2138 studuisti,
596 2062 651 2126 isti
666 2063 786 2128 formae
801 2074 837 2128 ut
851 2087 955 2129 mores
970 2064 1149 2129 consimiles
1164 2065 1289 2128 forent:

247 2160 456 2244 Minimeque,
472 2161 520 2224 ita
533 2183 584 2223 me
599 2159 643 2222 Di
658 2169 775 2238 ament,
791 2162 900 2238 miror,
913 2161 941 2226 si
955 2169 988 2225 te
1003 2161 1064 2225 sibi
1079 2161 1213 2247 quiaque
1227 2161 1361 2248 expetit.

247 2257 334 2322 Nam
348 2257 429 2321 mihi
443 2249 537 2342 quale
552 2256 720 2342 ingenium
734 2258 867 2323 haberes
882 2258 945 2323 fuit
959 2259 1078 2324 indicio
1093 2260 1204 2323 oratio.

246 2355 291 2419 Et
314 2378 414 2440 quum
439 2363 566 2440 egomet
590 2377 677 2418 nunc
702 2379 828 2420 mecum
853 2356 889 2422 in
914 2357 1021 2420 animo
1046 2357 1148 2420 vitam
1170 2363 1261 2420 tuam
1287 2377 1361 2419 con·

289 2453 401 2529 sidero,
663 2468 666 2473 ’
1346 2471 1361 2518 ⁵

248 2549 463 2634 Omniumque
479 2550 556 2614 adeo
571 2559 749 2615 vestrarum
764 2550 880 2636 vulgus
896 2573 977 2636 quae
992 2550 1048 2614 abs
1063 2573 1096 2614 se
1111 2557 1305 2635 segregant3

247 2647 292 2709 Et
306 2668 362 2709 vos
376 2669 443 2709 esse
458 2645 646 2724 istiusmodi,
662 2655 695 2711 et
709 2671 767 2712 nos
781 2669 847 2711 non
861 2671 937 2724 esse,
953 2648 1041 2712 haud
1054 2646 1201 2712 mirabile
1216 2657 1273 2712 est.

241 2743 275 2808 N
276 2766 329 2807 am
354 2742 484 2827 expedit
506 2743 605 2809 bonas
630 2767 697 2809 esse
720 2745 831 2810 robis:
855 2766 913 2809 nos
938 2745 1128 2831 quibuscum
1151 2753 1199 2810 est
1222 2767 1273 2810 res
1296 2767 1361 2811 non

289 2839 409 2904 sinunt.

249 2937 376 3021 Quippe
390 2936 493 3002 forma
507 2936 637 3022 impulsi
651 2944 760 3002 nostra
774 2961 832 3003 nos
846 2947 1003 3004 amatores
1017 2940 1143 3006 colunt:

247 3033 337 3099 Haec
352 3034 408 3097 ubi
422 3034 592 3098 immutata
606 3043 663 3111 est,
679 3035 729 3099 illi
744 3059 837 3100 suum
851 3038 996 3103 animum
1010 3037 1073 3102 ah'o
1087 3037 1265 3103 conferunt.
1321 3055 1362 3110 ι10

247 3130 322 3195 Nisi
336 3131 363 3195 si
378 3140 581 3215 prospectum
594 3131 717 3196 interea
731 3133 855 3217 aliquid
869 3141 927 3210 est,
943 3135 1085 3198 desertae
1099 3134 1247 3198 vivimus.

248 3227 349 3293 Vobis
363 3250 437 3292 cum
451 3251 516 3292 uno
530 3229 628 3293 semel
642 3229 698 3292 ubi
712 3238 850 3293 aetatem
865 3253 961 3318 agere
975 3230 1139 3294 decretum
1152 3239 1201 3294 est
1214 3230 1294 3309 viro,

193 3447 249 3496 Aer
268 3446 304 3495 ll.
322 3446 410 3494 Scitne
431 3445 475 3494 IV.
493 3445 594 3494 Bacchis
609 3446 657 3493 end
672 3445 744 3494 Anti·
808 3446 874 3496 ὅταν
885 3447 955 3512 φύσει
967 3448 997 3497 τὸ
1009 3447 1104 3506 κάλλος
1115 3446 1239 3527 Ιπικοσμῇ
1250 3446 1345 3511 τρόπος

161 3511 227 3574 phil·
238 3526 306 3559 coma
322 3525 356 3572 up
375 3510 515 3570 conversing
531 3509 648 3570 together.
683 3510 744 3557 Bae·
810 3510 1361 3576 maurimontem&spossusaiterum,

162 3576 213 3624 chls
230 3577 251 3623 is
270 3575 339 3622 mode
358 3579 385 3622 to
403 3574 476 3621 dilate
495 3588 559 3634 upon
577 3574 620 3620 the
637 3574 745 3635 superior

161 3639 290 3703 happiness
302 3639 329 3686 ot
337 3638 407 3686 those
417 3652 510 3684 women
517 3638 570 3684 who
578 3638 658 3685 attach
665 3638 743 3685 thern-
776 3638 824 3684 end
835 3637 892 3698 they
904 3653 959 3699 may
970 3653 1025 3699 rery
1031 3638 1138 3700 possibly
1144 3637 1362 3686 havebeenbeiors

161 3706 237 3754 selvas
258 3703 376 3765 laithielly
398 3709 424 3750 to
446 3717 493 3749 one
514 3702 586 3749 lover.
623 3701 702 3749 Clinia
723 3702 744 3749 is
776 3701 881 3749 Terence
891 3703 961 3749 when
972 3702 1166 3750 hcwrotetheee
1176 3703 1281 3768 opening
1292 3703 1361 3751 hocs.

161 3770 256 3817 thrown
272 3770 324 3816 into
341 3783 371 3816 en
389 3772 481 3828 ecemy
500 3765 529 3813 ol
544 3767 586 3827 joy
602 3771 628 3814 st
643 3767 685 3813 the
701 3782 743 3827 ep·
809 3769 833 3813 2.
850 3767 882 3812 Id
892 3764 965 3828 ᾳύκηι
976 3766 1106 3827 studenti]
1126 3767 1171 3814 See
1185 3773 1242 3814 note
1259 3781 1296 3814 on
1309 3768 1362 3816 An·

160 3834 249 3897 prosch
260 3833 288 3881 of
296 3833 428 3895 Antiphila,
439 3837 466 3879 to
476 3830 552 3877 which
570 3828 613 3878 she
630 3830 745 3892 responde
778 3829 829 3876 dria
840 3830 856 3876 i.
871 3831 891 3878 l.
904 3832 944 3878 82.

161 3913 217 3961 very
228 3898 348 3960 eordielly,
359 3897 406 3945 and
419 3898 455 3944 lor·
465 3896 507 3943 the
517 3900 615 3957 present
630 3894 688 3956 they
704 3909 745 3942 ere
810 3896 833 3942 6.
855 3895 966 3942 &unium
987 3895 1136 3953 vestrarum]
1182 3893 1228 3942 See
1249 3899 1308 3942 note
1328 3909 1362 3943 on

158 3976 186 4010 as
196 3963 276 4024 happy
287 3977 314 4010 es
325 3978 368 4010 cen
380 3962 418 4009 be.
777 3957 908 4006 Eunuchus
919 3959 950 4006 iv.
963 3962 985 4006 4.
1001 3961 1038 4007 10.

192 4027 245 4074 'l'he
257 4027 335 4074 Metre
346 4028 366 4073 is
377 4043 403 4073 es
416 4025 519 4080 tollam
540 4025 626 4080 1-17,
638 4022 744 4071 mechele
809 4025 832 4069 a.
851 4024 917 4069 Nam
928 4023 1027 4084 expedit
1038 4023 1112 4070 bonae
1129 4023 1266 4083 merobis]
1302 4021 1362 4069 This

160 4095 298 4138 tetrameter
308 4088 742 4146 mtelectic31ll—tt,ismbictetre-
775 4087 938 4134 construction
957 4087 978 4133 is
999 4086 1095 4148 slightly
1110 4086 1220 4133 different
1239 4087 1302 4133 from
1319 4087 1362 4134 the

160 4160 251 4210 meten
269 4156 373 4211 art—29,
385 4153 472 4202 iambic
482 4154 598 4201 trimeter.
774 4165 886 4198 common
898 4152 968 4209 torm,
979 4152 1005 4198 in
1017 4152 1098 4205 which,
1105 4151 1147 4198 the
1161 4165 1226 4198 same
1236 4165 1292 4197 case
1306 4166 1360 4211 pre-

66 4229 72 4238 ·
194 4219 216 4263 l.
233 4218 354 4279 Aedepol]
388 4218 448 4265 This
466 4232 514 4264 rrae
530 4232 545 4263 a
561 4217 623 4264 form
640 4217 668 4262 ol
686 4216 743 4263 osth
776 4214 845 4262 order
856 4215 903 4262 end
914 4215 1006 4262 follows
1016 4215 1059 4262 the
1075 4216 1140 4272 verb,
1159 4230 1186 4263 es
1203 4217 1228 4261 in
1247 4214 1361 4261 Phormio

159 4280 264 4342 peculim
274 4282 398 4342 originally
409 4287 435 4328 to
447 4296 546 4327 women.
576 4281 626 4328 aas
636 4295 676 4328 see
686 4286 744 4328 note
776 4294 798 4325 v.
810 4281 834 4326 2.
849 4281 877 4326 l:
895 4283 911 4306 ⁴⁴
920 4279 1050 4341 Nostrepte
1061 4280 1131 4340 culpe
1141 4279 1241 4326 tremus
1252 4284 1281 4326 ut
1291 4280 1361 4326 melis

159 4357 192 4390 on
203 4343 334 4390 Eunuchus
345 4360 368 4390 v.
380 4348 403 4393 2.
415 4346 455 4393 28.
487 4345 540 4391 'l'hc
550 4346 671 4405 following
681 4345 742 4392 lines
775 4342 886 4404 expediet
902 4342 981 4391 esse.”
1015 4343 1065 4390 ans
1083 4358 1194 4404 compare
1211 4343 1304 4400 Cicero,
1321 4342 1361 4390 ad

158 4421 199 4455 ara
210 4405 299 4468 quoted
310 4407 372 4454 irem
384 4407 532 4477 Menander:
774 4405 883 4454 Atticum
892 4409 950 4454 nli:
963 4407 1188 4468 “Mediomjsm
1195 4406 1360 4454 nonlioabit.”
