2918 4854
667 280 856 347 ANDRIA.

249 452 339 523 Quae
353 452 480 537 incepta
495 475 514 516 a
528 451 636 536 parvis
650 474 724 516 cum
738 460 842 516 aetate
857 452 994 518 accrevit
1009 452 1113 530 simul,

247 550 373 636 Perque
387 551 517 614 unicam
531 556 664 634 gnatam
678 556 768 613 tuam
783 557 815 613 et
831 558 967 634 gnatum
981 572 1098 628 meum,

249 648 347 734 Cujus
362 649 423 711 tibi
437 656 576 732 potestas
590 670 714 710 summa
729 647 878 710 servandi
892 648 997 724 datur,

248 745 296 809 Ut
310 767 362 808 me
376 746 508 830 adjuves
521 745 557 808 in
571 744 632 808 hac
647 767 690 819 re,
707 751 805 828 atque
817 745 864 808 ita
878 752 916 809 ut
930 745 1062 829 nuptiae

248 842 391 906 Fuerant
406 842 532 905 futurae
547 841 636 905 fiant.
685 840 740 904 Ol.
763 839 819 904 Ah
834 864 875 905 ne
889 863 941 905 me
955 842 1101 907 obsecra:

249 939 348 1010 Quasi
362 939 422 1002 hoo
437 947 470 1002 te
484 939 604 1002 orando
619 960 639 1002 a
652 960 704 1001 me
718 938 891 1022 impetrare
905 946 1058 1023 oporteat.

247 1037 360 1101 Alium
375 1060 440 1101 esse
456 1059 562 1100 censes
576 1059 662 1099 nunc
677 1059 728 1099 me
744 1044 839 1121 atque
854 1037 931 1101 olim
945 1060 1019 1102 cum
1034 1038 1174 1101 dabam?

248 1135 283 1199 Si
298 1136 332 1198 in
348 1157 416 1198 rem
431 1141 479 1198 est
493 1134 621 1219 utrique
636 1141 673 1197 ut
687 1133 777 1210 fiant,
794 1135 909 1199 arcessi
919 1136 1007 1220 jube.

248 1232 311 1297 Sed
325 1234 352 1296 ai
367 1256 408 1296 ex
422 1254 459 1295 ea
473 1254 508 1295 re
522 1231 595 1316 plus
609 1230 687 1294 mali
701 1238 750 1294 eat
763 1254 861 1315 quam
875 1231 1033 1295 commodi

247 1329 395 1414 Utrique,
411 1328 446 1391 id
459 1351 514 1392 oro
529 1336 561 1391 te
575 1328 611 1391 in
626 1350 792 1391 commune
807 1337 843 1391 ut
858 1328 1011 1404 consulas,
1034 1340 1036 1347 ⁴

249 1426 348 1499 Quasi
363 1425 419 1489 illa
434 1432 490 1488 tua
504 1425 556 1499 sit,
572 1424 798 1508 Pamphilique
813 1448 872 1509 ego
887 1426 948 1489 sim
962 1433 1062 1510 pater.

249 1523 293 1586 Si.
318 1522 389 1586 Irno
404 1522 451 1584 ita
464 1520 537 1584 volo
551 1522 659 1604 itaque
673 1521 798 1604 postulo
813 1532 849 1585 ut
864 1523 921 1585 fiat
937 1521 1090 1586 Chreme:

247 1621 360 1705 Neque
374 1618 532 1703 postulem
546 1619 602 1682 abs
617 1624 649 1679 te
663 1617 726 1680 nisi
740 1618 809 1703 ipsa
823 1642 873 1682 rea
888 1632 1026 1683 moneat.
1075 1619 1129 1683 Ol.
1155 1620 1242 1691 Quid
1257 1622 1332 1685 est?

248 1715 293 1778 Si.
317 1714 390 1778 Irae
405 1722 480 1778 sunt
494 1714 579 1777 inter
593 1713 780 1799 Glycerium
795 1724 827 1779 et
843 1725 986 1800 gnatum.
1036 1716 1091 1780 Oa.
1113 1716 1230 1782 Audio.
1328 1738 1361 1784 ιο

248 1811 293 1874 δι’.
318 1811 371 1875 Ita
384 1834 521 1897 magnae
535 1819 573 1874 ut
587 1833 710 1895 sperem
725 1834 814 1895 posse
829 1812 933 1876 avelli.
983 1813 1038 1877 Ol.
1062 1813 1213 1879 Fabulae.

249 1907 293 1972 Si.
318 1908 465 1973 Profecto
480 1909 524 1972 sic
539 1916 596 1971 est.
645 1907 699 1971 Ol.
724 1908 776 1972 Sic
790 1909 897 1973 hercle
911 1919 948 1974 ut
963 1911 1068 1975 dicam
1082 1912 1144 1975 tibi
1157 1935 1164 1976 :

221 2005 437 2070 -Amantium
451 2006 518 2069 irae
533 2005 649 2069 amoris
663 2006 836 2090 integratio
851 2016 941 2071 est·b

212 2119 217 2127 ’
249 2102 293 2167 St.
318 2103 414 2179 Hem,
430 2103 464 2165 id
478 2111 511 2166 te
526 2124 580 2165 oro
594 2109 632 2165 ιιι
647 2111 721 2166 ante
736 2125 844 2166 eamus
859 2105 937 2168 dum
951 2112 1077 2189 tempus
1091 2105 1197 2183 daun,

247 2201 396 2286 Dumque
411 2201 479 2287 ejus
493 2199 593 2263 libido
607 2200 731 2264 occlusa
746 2209 793 2265 est
807 2201 1017 2279 contumeliis,
1326 2223 1360 2270 25

246 2299 342 2363 Prius
356 2321 454 2383 quam
467 2299 583 2362 harum
598 2297 715 2362 scelera
729 2306 762 2362 et
776 2298 926 2363 lacrimae
941 2300 1093 2364 confictae
1107 2300 1189 2364 dolis

245 2396 417 2461 Reducunt
431 2396 575 2459 animum
589 2403 756 2480 aegrotum
770 2397 811 2460 ad
825 2397 1091 2461 misericordiam:

246 2495 390 2558 Uxorem
403 2493 534 2556 demus:
557 2515 648 2576 spero
663 2494 889 2558 consuetudine
904 2503 937 2558 et

247 2593 404 2678 Oonjugio
418 2589 543 2653 liberali
558 2589 743 2654 devinctum
758 2590 893 2656 Chreme

246 2690 330 2753 Dein
346 2689 438 2754 facile
453 2712 494 2751 ex
508 2688 573 2752 illis
587 2711 653 2753 sese
668 2712 864 2754 emersumm
878 2691 980 2755 malis.
1326 2713 1360 2758 ao

195 2841 233 2888 12.
260 2840 334 2895 Quaai
356 2872 381 2885 ..
395 2870 402 2883 .
421 2836 544 2898 oporteat]
576 2837 626 2883 ‘Aa
648 2836 669 2883 ii
691 2851 742 2898 yon
775 2838 829 2885 'l'he
839 2839 970 2886 sentiment
979 2839 1001 2886 ia
1010 2838 1063 2886 said
1073 2843 1100 2887 to
1111 2838 1143 2887 ba
1154 2839 1277 2889 bomvd
1294 2841 1358 2890 frona

160 2904 237 2966 ought
250 2909 276 2950 to
294 2903 354 2949 bave
372 2908 398 2949 tc
417 2901 499 2948 obtain
517 2901 565 2947 thia
584 2900 645 2947 from
661 2915 700 2948 ma
711 2900 743 2962 by
776 2903 883 2960 Plautus,
901 2903 1045 2965 Amphitryo
1062 2903 1095 2952 iii.
1113 2907 1136 2951 2.
1148 2905 1262 2953 cc-aa:

160 2965 304 3016 eritreatica.¹
340 2966 446 3018 ‘Quasi’
466 2965 567 3012 hatten
587 2964 654 3020 used,
672 2979 698 3011 aa
716 2965 743 3012 in

52 3038 55 3045 “
160 3048 205 3081 οιιι·
220 3047 274 3080 own
292 3031 373 3087 idiom,
386 3030 454 3077 when
473 3029 514 3076 the
532 3029 643 3090 opposita
659 3029 679 3076 ia
698 3030 744 3076 im·
785 3029 902 3078 “Verum
919 3031 969 3078 irae
979 3031 1000 3078 ai
1011 3044 1072 3093 qnae
1083 3030 1357 3095 tortaeveniunthajns·

160 3097 233 3160 plied.
266 3095 577 3157 Comparaii.t.9;'v.3.
590 3095 628 3141 19.
841 3095 907 3142 modi

196 3163 233 3209 la.
253 3162 281 3209 Si
293 3165 318 3207 in
335 3158 448 3219 remeat]
477 3158 508 3205 So
529 3157 623 3217 Hecyra
637 3157 741 3212 itai:
808 3158 876 3206 Inter
894 3173 951 3208 acar
968 3174 1064 3207 rursum
1080 3160 1102 3207 si
1119 3165 1245 3208 rarautam
1261 3161 1287 3209 in
1303 3177 1358 3223 gra·

160 3230 177 3254 ⁸⁴
185 3225 257 3277 Quod
268 3230 295 3272 ιιι
312 3225 333 3272 si
348 3222 411 3270 idam
423 3223 512 3269 iaceres
528 3222 604 3282 magis
615 3221 641 3267 iu
652 3226 740 3268 ramat
839 3224 898 3270 tiam
906 3229 953 3280 cat,

160 3296 267 3338 noanam
279 3295 303 3337 at
314 3295 417 3336 vostram
427 3286 452 3334 id
464 3285 553 3333 esset.''
573 3286 621 3333 We
631 3286 691 3333 have
701 3285 744 3333 tha
809 3287 851 3335 Bia
872 3293 940 3335 tanto
964 3288 1035 3336 amici
1059 3294 1119 3336 aunt
1144 3289 1208 3338 inter
1228 3304 1263 3348 aa,
1284 3305 1357 3353 quam

160 3355 246 3416 phrase
257 3360 264 3381 ¹
274 3369 303 3401 ex
314 3353 357 3408 re‚'
371 3352 484 3399 Phormio
495 3367 517 3397 v.
527 3353 551 3398 8.
564 3352 603 3405 76.
839 3351 933 3414 priua.”

195 3420 233 3466 16.
250 3420 280 3467 In
291 3431 416 3465 commane
422 3420 451 3463 at
462 3414 585 3476 consalu]
604 3413 744 3475 ‘lbegyon

160 3483 253 3531 tolook
264 3488 290 3529 tc
301 3497 345 3529 our
363 3494 476 3528 common
494 3480 602 3533 intereat,
620 3493 647 3524 aa
664 3478 744 3525 italia
775 3476 799 3524 Δ
810 3475 897 3524 linaei
910 3476 1045 3525 Menander
1061 3477 1082 3525 ia
1098 3477 1149 3526 alac
1167 3479 1273 3540 quotedr
1291 3478 1356 3541 ὀργὴ

160 3561 222 3595 wara
238 3562 298 3609 your
314 3544 489 3605 daughtaraud
502 3544 583 3591 lvere
595 3541 743 3604 Pamphilua'
776 3540 921 3603 φιλούντων
943 3540 1034 3604 ὀλίγον
1057 3539 1138 3603 ἰσχύει
1160 3543 1263 3604 χρόνον.
1308 3542 1357 3591 Βιιι

159 3611 254 3659 father!
268 3608 584 3670 Soevirgumenunaac:
597 3606 745 3654 “Conanlite
776 3605 845 3653 there
861 3620 937 3652 asama
953 3619 986 3652 uo
1002 3607 1198 3667 nacasa'tyatall
1209 3607 1357 3668 forimagin·

160 3677 185 3723 in
207 3674 338 3724 medium.”
374 3674 404 3721 ln
425 3672 531 3727 Plautus,
549 3671 659 3718 Asinaria
675 3671 700 3718 ii.
720 3674 744 3719 2.
776 3670 818 3731 ing
834 3669 890 3716 that
899 3669 1006 3717 Terence
1021 3669 1144 3717 bomwad
1160 3671 1223 3718 frum
1239 3686 1287 3734 any
1301 3686 1357 3720 one.

159 3743 208 3790 2οι
235 3740 355 3794 “Μι,·ιιιο,
367 3739 392 3784 in
404 3750 531 3785 commune
547 3750 578 3782 ne
592 3750 665 3797 quam
680 3735 744 3782 irau-
776 3734 830 3782 Tha
847 3733 902 3781 idea
919 3734 941 3781 ia
958 3733 1080 3781 bcrrawad
1100 3734 1160 3782 from
1178 3735 1289 3797 ordinary
1307 3736 1356 3793 life,

160 3805 215 3853 dem
228 3806 319 3853 inuans
334 3802 390 3850 rit.”
424 3801 469 3848 ‘ld
485 3815 528 3847 oro
539 3798 581 3846 ω’
597 3801 618 3847 is
628 3799 671 3846 the
681 3804 745 3846 most
777 3797 824 3845 and
835 3797 961 3846 Terenca'a
977 3799 1115 3860 expression
1132 3800 1175 3846 baa
1185 3800 1219 3847 all
1229 3799 1271 3847 tha
1281 3804 1356 3848 tarsa·

160 3871 253 3918 natural
270 3869 340 3916 order
356 3867 384 3914 oi
398 3867 440 3913 the
456 3865 541 3918 worda,
561 3864 608 3911 aud
627 3863 668 3910 the
687 3863 744 3924 only
777 3877 833 3910 nasa
843 3862 870 3909 oi
883 3877 914 3909 an
925 3863 1026 3922 onginal
1037 3863 1182 3923 mggaation

159 3933 382 3982 onawhichavoida
393 3927 744 3978 ameumuaunosuan.
810 3929 849 3976 aa.
868 3926 991 3988 astans]
1015 3927 1131 3989 Opposed
1145 3933 1171 3974 to
1194 3926 1354 3990 mangano
1430 3914 1442 3937 ’

192 4001 232 4046 20.
249 3997 344 4059 Audio]
373 3994 508 4054 ironioally‚
527 4008 553 4040 as
572 3993 593 4039 ia
610 3993 692 4039 shown
712 3991 744 4052 by
779 3989 823 4053 (iii.
835 3993 856 4038 l.
870 3991 921 4050 ll).

160 4061 285 4109 ‘fabulae'
303 4061 381 4109 inthe
397 4059 518 4118 following
532 4058 589 4104 line.
611 4056 742 4123 ,Compara
806 4057 845 4103 30.
871 4056 913 4102 Ea
937 4056 989 4102 illia
1014 4069 1066 4103 aare
1092 4069 1242 4104 matarum
1270 4057 1353 4119 ulie]

160 4126 274 4173 Phormio
285 4141 307 4172 ι.
320 4129 343 4180 7.
356 4127 396 4178 5³.
408 4127 452 4171 ιιι
472 4127 487 4150 “
500 4123 543 4169 ol.
555 4121 658 4168 Missum
670 4126 695 4168 et
706 4120 740 4166 ia-
775 4118 909 4180 ‘Emergo’
921 4119 1086 4166 isaometimaa
1094 4120 1154 4167 used
1164 4120 1321 4182 transitinly,
1330 4135 1357 4169 aa

159 4190 243 4236 cimus.
278 4191 325 4235 Ph.
339 4189 451 4235 Fabulae.
488 4185 650 4237 Gnosiacis
675 4183 740 4231 tibi?
772 4184 798 4230 in
817 4183 860 4230 the
874 4189 971 4245 present
982 4198 1088 4245 passage,
1100 4183 1146 4231 but
1160 4185 1239 4232 notin
1250 4185 1357 4232 thabast

159 4255 293 4315 Argentum
304 4252 367 4314 quod
379 4251 453 4298 habea
463 4250 665 4297 condonamuate.
691 4249 740 4296 Pa,
774 4247 872 4294 writers.
909 4247 938 4294 ln
958 4246 1041 4296 Cicero
1058 4248 1180 4310 genenlly
1197 4263 1223 4295 aa
1237 4264 1253 4295 a
1271 4254 1357 4298 nante

159 4315 265 4365 Audio.''
773 4310 840 4365 verb,
847 4325 875 4359 or
885 4311 911 4359 iu
921 4312 965 4358 tha
972 4312 1065 4373 passiva
1072 4312 1146 4360 voice.
1164 4312 1194 4359 ln
1205 4311 1311 4376 Adalphi
1321 4315 1356 4363 iii.

191 4383 231 4430 23.
248 4380 392 4428 Amantiam
409 4381 462 4426 im
481 4410 528 4425 ...
548 4377 679 4438 interrasa
690 4377 740 4436 eat]
774 4378 798 4423 2.
809 4379 834 4434 l,
847 4375 945 4425 “Unde
959 4375 1049 4437 emergi
1064 4391 1114 4424 non
1124 4375 1231 4439 potsat,’'
1250 4392 1287 4426 ιιο
1296 4378 1358 4427 lma
