2918 4854
473 304 617 370 ACTUS
638 305 681 370 V.
725 304 872 372 SOENA
895 307 942 372 ΙΙ.
1241 309 1305 375 387

188 474 247 539 Lo.
271 474 441 559 Phidippe,
458 482 583 540 nostras
597 474 746 540 mulieres
761 484 921 561 simpectas
935 476 1031 541 fuisse
1046 476 1126 542 falso
1211 528 1216 539 .

188 574 289 637 Nobis
305 574 340 636 in
356 596 390 636 re
405 574 475 657 ipsa
489 572 690 637 invenimus:
713 597 808 658 porro
822 575 906 639 hanc
921 597 1007 638 nunc
1021 576 1240 660 experiamur:

188 670 274 733 Nam
289 669 317 732 si
332 669 522 753 compererit
537 669 666 733 crimini
680 679 736 734 tua
750 694 784 734 se
799 694 880 735 uxor
893 672 1073 748 credidisse,

189 767 322 831 Missam
336 766 418 830 iram
433 766 548 830 faciet:
571 768 622 831 sin
637 776 745 832 autem
759 776 807 832 est
821 769 861 832 cb
876 792 947 833 ecm
961 793 1029 833 rem
1043 769 1144 834 iratus
1159 778 1286 855 gnatus,

190 864 284 935 Quod
298 865 422 948 peperit
436 887 518 928 uxor
532 865 624 940 clam,
640 865 675 927 id
689 865 759 929 leve
774 873 842 943 est;
866 867 929 930 cito
949 868 989 931 ab
1012 891 1049 931 eo
1072 869 1151 932 haec
1174 869 1223 932 ire
1245 869 1300 933 ab·

231 963 346 1025 scedet.
1270 981 1302 1030 15

189 1058 336 1122 Profecto
351 1058 386 1121 in
400 1059 460 1122 hac
475 1082 509 1122 rc
524 1058 608 1120 nihil
622 1059 700 1122 mali
714 1066 762 1122 est
776 1060 861 1143 quod
876 1060 918 1123 sit
932 1060 1064 1123 discidio
1079 1060 1224 1146 dignum

188 1155 250 1218 Plae.
274 1156 382 1218 Velim
405 1155 535 1240 quidem
557 1155 672 1220 hercle.
717 1156 774 1219 La.
799 1156 961 1242 Exquire:
985 1158 1094 1222 adest:
1118 1158 1203 1242 quod
1224 1157 1301 1222 satis

231 1253 273 1316 sit
288 1252 382 1317 faciet
397 1254 474 1337 ipsa.

187 1350 249 1412 Pi.
274 1349 361 1420 Quid
375 1349 458 1412 mihi
478 1348 575 1413 istaec
589 1349 728 1414 narres?
748 1371 792 1414 an
813 1351 890 1435 quie
909 1373 975 1414 non
998 1359 1067 1415 tute
1087 1351 1155 1436 ipse
1178 1353 1300 1416 dudum

230 1446 347 1509 audisti

187 1542 237 1605 De
260 1543 320 1606 hac
346 1565 380 1606 rc
403 1543 528 1606 animus
553 1564 641 1606 meus
664 1550 701 1607 ut
724 1543 776 1620 sit,
801 1544 924 1608 Laches
944 1546 960 1609 i
981 1544 1046 1608 illis
1065 1546 1158 1610 modo
1173 1546 1299 1631 explete

229 1663 381 1704 enrmmn

186 1738 244 1801 Le.
269 1739 393 1810 Quaeso
413 1737 553 1820 aedepol,
576 1736 722 1814 Bacchis,
746 1738 828 1801 mihi
851 1741 937 1824 quod
960 1762 993 1804 es
1016 1741 1159 1826 pollicita
1178 1749 1247 1806 tute
1261 1749 1299 1806 ut

230 1858 342 1899 serves.
1266 1858 1300 1904 so
1373 1849 1386 1875 ·

186 1933 245 1996 Bc.
269 1933 320 1996 Ob
334 1955 405 1997 eam
418 1955 488 1996 rem
501 1932 549 1995 vis
564 1954 642 2017 ergo
655 1932 741 1997 intro
756 1956 827 1998 eam
838 1935 855 1997 i
897 1935 955 1998 La.
980 1934 999 1997 Ι
1014 1942 1110 2020 etque
1124 1936 1217 2021 exple
1229 1937 1297 2000 cni·

229 2054 318 2093 mum
332 2032 382 2107 iis,
398 2040 435 2093 ut
450 2030 590 2093 credant.

184 2127 244 2190 Bc.
261 2127 329 2204 Eo;
352 2127 413 2192 etsi
423 2127 488 2191 scio
496 2126 550 2210 pol
559 2126 599 2190 iis
614 2126 680 2190 fore
695 2149 802 2191 meum
816 2135 1019 2211 conspectum
1033 2127 1174 2193 invisum
1183 2127 1298 2208 hodie;

185 2223 272 2287 Nom
285 2233 387 2309 nupta
400 2224 560 2288 meretrici
575 2224 675 2288 hostis
690 2231 747 2300 est,
763 2246 783 2287 a
796 2224 866 2287 viro
880 2225 935 2288 ubi
950 2232 1118 2310 segregata
1132 2233 1187 2289 est.

184 2322 243 2385 La.
266 2321 313 2386 At
328 2323 405 2388 haec
429 2322 549 2387 amicae
568 2330 673 2398 erunt,
696 2321 753 2385 ubi
775 2321 982 2406 quamobrem
1004 2322 1172 2386 adveneris
1186 2322 1295 2388 reseis·

226 2426 308 2483 cent.
356 2431 359 2436 '

184 2516 246 2581 Pl.
269 2518 316 2580 At
342 2517 468 2581 easdem
491 2516 607 2580 amium
632 2515 700 2580 iore
725 2515 786 2580 tibi
808 2515 970 2600 promitto,
1000 2539 1069 2580 rem
1094 2516 1150 2581 ubi
1179 2540 1295 2603 cogno·

227 2615 342 2679 verint.
900 2668 904 2677 .
1262 2633 1296 2681 25

184 2711 218 2774 N
218 2735 271 2775 am
285 2711 357 2775 illas
371 2734 477 2775 errore
491 2718 523 2775 et
538 2719 570 2775 te
584 2710 681 2775 simul
694 2710 871 2795 suspicione
885 2711 1036 2776 exsolves.

184 2809 243 2871 Ba.
260 2809 365 2873 Perii:
381 2809 481 2893 pudet
492 2808 710 2872 Philumenae.
738 2806 915 2893 Sequimini
929 2832 981 2874 me
995 2809 1059 2873 huc
1073 2809 1159 2874 intro
1173 2811 1293 2876 ambae.
1320 2799 1324 2809 ¹

97 2974 143 3022 but
154 2975 174 3022 it
183 2975 205 3022 ia
215 2979 258 3022 not
273 2974 348 3022 found
365 2974 391 3022 in
403 2973 494 3021 several
511 2974 678 3034 manuscripta.
712 2973 855 3023 substitutad
873 2975 907 3038 by
923 2991 954 3024 au
971 2990 1038 3024 error
1058 2975 1086 3025 ol
1104 2976 1217 3040 copyiats.
1249 2978 1296 3027 See

98 3040 201 3100 Bentley
222 3039 329 3086 remarks
358 3040 473 3086 “crim
496 3053 538 3099 per
560 3054 585 3085 ee
606 3037 681 3085 habet
712 3039 990 3096 militonum
1000 3042 1026 3088 ii.

98 3104 220 3150 notionem
247 3103 383 3160 falsitatis,''
407 3103 456 3150 and
485 3103 595 3150 Donatiu
626 3117 680 3163 aaya
745 3105 784 3151 23.
803 3105 949 3166 Seyraycta]
985 3106 1173 3154 Scenoteonv.
1188 3108 1261 3156 itt.

98 3173 113 3194 ¹⁶
125 3168 221 3214 Crimen
236 3183 300 3215 nunc
319 3168 433 3229 prolalae
450 3167 584 3229 suspicione
593 3164 619 3224 ;”
635 3166 681 3214 but
745 3170 784 3215 24.
808 3169 844 3216 At
862 3169 921 3216 daec
940 3171 1032 3216 amicae
1053 3170 1137 3231 erawl]
1184 3169 1231 3218 For
1252 3171 1295 3221 tlte

97 3232 145 3278 this
162 3247 231 3279 senae
248 3232 321 3279 arises
335 3232 392 3293 only
408 3236 452 3278 out
470 3233 497 3278 ol
513 3231 556 3279 the
574 3237 679 3278 context.
713 3230 774 3278 form
787 3230 1025 3293 ‘haec’equivalent
1042 3238 1068 3280 te
1085 3232 1161 3288 ‘hae’
1181 3249 1222 3282 see
1238 3241 1296 3285 nota

97 3296 150 3343 The
166 3297 376 3344 wordisneutral.
412 3296 611 3357 Perletsuggeata
622 3295 680 3342 with
713 3310 745 3342 ou
757 3295 846 3343 Heaut.
858 3295 889 3343 iv.
901 3298 925 3350 7.
937 3296 1154 3358 1⁰,andcompare
1162 3298 1295 3351 Eunuchus

96 3360 241 3421 probability
249 3361 302 3408 that
315 3360 484 3421 ‘falso’crept
494 3361 519 3408 in
532 3361 592 3407 irem
604 3373 627 3406 v.
642 3360 679 3406 ll.
712 3360 746 3405 iii.
769 3363 792 3407 t.
812 3362 860 3408 342
884 3359 1032 3407 “Continuo
1052 3360 1111 3407 haec
1129 3361 1248 3410 adornant
1265 3368 1295 3412 ut

97 3424 145 3471 For
157 3425 269 3471 ‘missam
286 3426 346 3472 iram
360 3423 445 3473 fadet'
458 3439 498 3472 aee
509 3430 566 3471 note
581 3439 614 3472 οιι
629 3423 680 3471 Διι-
713 3423 803 3470 lavet.”
838 3423 867 3470 ln
886 3423 934 3470 thia
953 3423 1019 3484 place
1031 3423 1152 3472 ‘haec'is
1167 3425 1210 3473 the
1225 3427 1293 3474 raad-

96 3488 148 3535 dria
158 3489 189 3535 iv.
204 3492 225 3537 1.
238 3492 277 3536 ts.
712 3489 754 3548 ing
764 3487 792 3534 oi
800 3487 841 3535 the
852 3487 969 3535 Bembina
983 3488 1136 3551 manuscript,
1154 3489 1202 3537 and
1218 3489 1239 3537 is
1254 3505 1293 3539 re·

132 3554 169 3600 16.
191 3553 261 3609 Quod
270 3557 303 3600 ait
314 3552 417 3600 discidio
426 3552 537 3613 dipsium]
574 3554 580 3577 ‘
589 3550 680 3599 indeed
712 3550 795 3613 quired
806 3551 838 3614 by
848 3551 890 3599 the
901 3557 983 3600 metro.

96 3617 308 3678 thereisnotbing
319 3617 344 3663 in
355 3617 403 3663 this
422 3616 499 3663 whole
517 3616 585 3663 affair
602 3615 678 3663 which
744 3617 782 3670 ²7-
796 3616 877 3664 Pudet
889 3616 1059 3678 Philumenae]
1089 3616 1292 3666 ‘lamasbamad

96 3696 140 3728 can
160 3682 246 3742 justily
265 3697 279 3728 a
298 3680 449 3742 separation!
482 3679 607 3728 Forcclliui
629 3679 678 3727 dis-
710 3679 996 3741 ofsecingl’hllumcna'
1028 3680 1305 3742 maumet‘pudat’·

95 3745 227 3806 tinguishes
239 3745 346 3792 between
359 3744 513 3792 ‘discidium'
529 3745 578 3792 and
595 3743 678 3791 ‘dissi
710 3745 977 3807 asappliedtopersona
984 3745 1037 3792 who
1044 3745 1105 3793 have
1112 3745 1172 3792 been
1181 3746 1293 3807 wronged

95 3809 160 3857 dium
170 3809 177 3830 '
189 3810 259 3856 thus:
272 3815 288 3836 ⁴⁴
299 3809 394 3856 Dicitur
405 3808 556 3872 (discidium)
568 3808 599 3855 de
610 3822 678 3868 sepa·
710 3807 742 3869 by
749 3808 818 3856 one'a
828 3808 880 3864 aeli,
890 3810 959 3857 isuot
966 3824 1021 3871 very
1028 3824 1147 3867 common.
1166 3809 1294 3860 Forcelliul

94 3875 187 3922 ratione
197 3889 332 3935 corporum,
350 3880 459 3936 eatquea
470 3873 597 3934 praeterito
611 3871 678 3920 verbi
710 3878 795 3935 quotes
812 3873 874 3920 from
885 3873 976 3930 lustin,
988 3874 1027 3921 De
1038 3874 1106 3921 Alex.
1117 3875 1159 3922 rii.
1171 3876 1201 3922 δι
1222 3875 1293 3923 “Ac-

94 3939 222 3990 diaciwdo‚·
248 3953 302 3985 crim
323 3939 450 3986 discidium
468 3937 564 3998 proprie
581 3937 613 3983 ait
629 3936 677 3983 dia·
710 3942 812 3984 cessent
827 3937 987 3998 poenitentiae
1004 3939 1103 3984 nutricia
1122 3953 1187 3995 suae,
1205 3940 1292 3988 sororis

93 4003 174 4050 cordia
185 4008 210 4050 et
221 4003 342 4050 dissensus
355 4004 498 4057 animorum,
510 4016 524 4047 a
535 4000 638 4046 dissideo
647 3999 675 4051 ,·”
710 4001 775 4056 Cliti.
787 4000 928 4056 recordstio,
939 4001 1007 4061 cujus
1015 4000 1119 4049 absentia
1126 4017 1181 4049 eum
1189 4004 1293 4052 mulne

93 4069 185 4128 though
198 4068 229 4115 he
240 4068 299 4115 adds
311 4073 495 4129 “quanquama
506 4064 607 4111 librariis
618 4063 677 4110 haec
709 4064 821 4124 pudebat
833 4069 882 4111 tam
895 4065 987 4112 foedam
1004 4064 1039 4113 illi
1055 4065 1224 4115 alimentorum
1236 4082 1292 4116 auo·

93 4148 164 4193 saepe
176 4130 383 4179 commutantur.”
418 4130 467 4177 But
478 4128 577 4187 Madvig
594 4127 619 4174 in
640 4126 677 4173 hia
710 4142 762 4174 rum
770 4128 1054 4177 mercedemredditamss'
1072 4129 1192 4193 Compare
1201 4131 1291 4182 Heaut.

39 4196 42 4201 “
93 4197 183 4244 edition
202 4197 230 4243 ol
246 4196 352 4245 Cicero'a
369 4193 489 4242 maedan
509 4190 677 4252 Disputaticna
708 4191 829 4241 ii.3.19=

93 4262 137 4308 has
148 4262 237 4322 proved
248 4261 302 4308 that
313 4261 361 4307 this
378 4258 517 4305 distinction
534 4256 555 4303 is
573 4254 678 4317 ground·

93 4327 154 4382 leas;
170 4326 216 4373 and
229 4322 470 4373 thatthetruelorm
483 4321 510 4368 ol
524 4321 567 4369 the
580 4318 678 4367 wardia
722 4319 821 4382 “Cujua
841 4332 907 4367 nunc
924 4318 1000 4381 pudet
1018 4333 1058 4368 me
1079 4325 1104 4369 at
1124 4322 1230 4382 minat,
1248 4323 1293 4388 qul

94 4389 251 4448 ‘discidium'
263 4390 301 4437 for
312 4388 389 4436 which
401 4386 539 4435 ‘dissidium
549 4384 555 4408 '
564 4384 608 4432 hat
616 4382 677 4431 been
723 4447 744 4512 2
774 4382 858 4432 harum
869 4397 947 4433 mom
957 4383 1070 4433 nauhu
1080 4385 1166 4436 mihist
