2918 4854
464 351 608 418 ACTUS
630 350 690 417 IV.
735 351 882 418 SCENA
903 352 1003 419 VIII.

219 518 292 584 Imo
306 519 385 586 hoec
400 523 539 607 quidem,
555 547 636 609 quse
651 524 737 607 apud
750 545 802 586 me
817 531 874 599 est,
891 523 1084 609 Clitiphonis
1099 534 1149 590 est

219 617 343 683 Amico.
394 620 448 685 Ch.
473 622 526 687 lte
541 623 649 687 aiunt:
674 629 706 684 et
720 629 758 687 tu
773 622 874 685 credis
888 623 1015 687 omnio:

219 717 263 780 Et
278 719 372 782 illum
386 720 477 783 aiunt
492 720 574 784 velle
589 742 732 795 uxorem,
750 727 795 796 ut,
811 742 912 804 quum
927 721 1160 806 desponderim,

218 817 283 883 Des
297 822 354 905 qui
369 844 483 884 aunum
498 844 535 886 ec
549 830 671 886 vestem
685 828 782 906 etque
797 821 861 884 olis
875 843 956 905 quae
970 845 1049 905 opus
1060 831 1135 886 sunt
1150 833 1321 913 comperet.

217 916 279 979 Me.
304 918 346 980 Id
359 927 408 981 cst
422 918 563 1002 profecto
575 943 581 981 :
605 919 640 981 id
654 918 774 981 amicae
789 919 926 981 debitur.
977 918 1031 982 Ch.
1056 918 1185 985 Scilicet
1305 941 1336 988 15

218 1012 387 1078 Daturum.
432 1016 494 1078 Me.
519 1015 603 1093 Veh,
619 1017 738 1080 frustm
753 1039 824 1080 sum
839 1016 941 1100 igitur
956 1017 1084 1099 gavisus
1099 1019 1206 1082 miser.

220 1112 356 1182 Quidvis
370 1121 479 1177 temen
490 1114 560 1199 jem
574 1114 658 1177 melo
674 1137 771 1198 quam
786 1113 873 1176 hunc
888 1114 1044 1178 emittere.

219 1209 306 1280 Quid
320 1234 406 1274 nunc
421 1212 605 1274 renuntiem
619 1212 676 1275 ebs
691 1219 723 1274 te
738 1232 933 1294 responsum,
952 1210 1097 1290 Chreme,

218 1307 251 1370 N
251 1331 268 1371 e
284 1310 401 1373 sentiet
415 1332 467 1372 me
481 1309 624 1386 sensisse,
641 1317 738 1393 atque
753 1330 848 1393 aegre
864 1308 945 1371 feret
958 1309 974 1371 P

221 1404 276 1469 012.
295 1407 428 1492 “Aegre
438 1408 476 1470 1”
498 1407 636 1470 nimium
646 1406 705 1482 illi,
719 1406 916 1481 Menedemo,
926 1405 1084 1490 indulges.
1110 1407 1173 1471 Me.
1190 1407 1275 1473 Sine.
1301 1427 1336 1474 20

218 1503 388 1588 Inceptum
403 1512 471 1569 est:
494 1505 611 1589 perfice
624 1504 686 1567 hoc
701 1504 783 1567 mihi
798 1512 960 1589 perpetuo,
977 1502 1122 1569 Chreme.

220 1602 274 1665 Gt.
298 1601 360 1666 Dic
375 1604 559 1667 convenisse
572 1626 580 1680 ;
604 1602 706 1686 egisse
721 1610 753 1666 te
768 1603 807 1666 de
822 1603 953 1687 nuptiis.

215 1699 277 1762 Mc.
301 1699 431 1764 Dicam:
454 1700 533 1785 quid
547 1700 663 1763 deinde
675 1701 691 1763 P
738 1699 793 1763 Oh.
817 1699 873 1764 Me
887 1701 1048 1764 fnctsuum
1062 1723 1128 1765 esse
1143 1703 1270 1781 omnia3

216 1797 380 1862 Generum
394 1798 536 1882 placere:
560 1805 719 1881 postremo
734 1799 841 1873 etiem,
857 1798 885 1861 si
899 1799 995 1874 voles,

215 1894 414 1980 Desponsam
428 1918 553 1981 quoque
568 1918 634 1960 esse
648 1894 755 1960 dicito.
799 1896 862 1957 Me.
886 1895 982 1972 Hem,
998 1895 1080 1960 istuc
1095 1897 1266 1962 volueram.
1300 1916 1333 1965 25

219 1990 274 2056 01».
299 1992 402 2058 Tanto
416 1993 503 2057 ocius
518 2000 550 2056 te
565 2000 601 2055 ut
615 2000 734 2076 poscat,
750 2001 783 2056 et
798 2001 834 2056 tu
848 1991 883 2054 id
897 1993 983 2076 quod
998 1993 1087 2076 cupis

217 2088 321 2161 Quem
336 2091 479 2154 ocissime
494 2098 531 2153 ut
545 2091 609 2154 des.
654 2090 716 2152 Me.
734 2089 844 2173 Cupio.
894 2087 949 2151 Os.
973 2089 1006 2153 N
1007 2112 1043 2153 ee
1058 2098 1096 2152 tu
1109 2091 1304 2174 propediem,

215 2186 263 2250 Ut
277 2188 372 2251 istem
386 2211 455 2251 rem
468 2187 571 2264 video,
587 2187 679 2252 istius
694 2187 926 2273 obsaturabere,
1218 2221 1222 2226 ‚

214 2285 277 2349 Sed
291 2286 369 2350 hoec
384 2293 421 2349 ut
435 2293 472 2350 ut
486 2294 570 2362 sunt,
587 2285 707 2350 cautim
722 2292 754 2348 et
768 2283 925 2368 paulatim
939 2283 1039 2362 dabis,

213 2382 249 2447 Si
263 2383 374 2468 sapies.
398 2384 460 2447 Me.
477 2383 617 2448 Faciem.
645 2383 700 2446 Ch.
717 2381 783 2445 Abi
798 2381 903 2459 intr03
925 2381 999 2445 vide
1014 2381 1093 2466 quid
1106 2381 1257 2466 postulet.
1297 2401 1332 2448 so

213 2481 284 2567 Ego
300 2481 386 2546 domi
402 2505 464 2559 ero,
481 2482 508 2545 si
523 2482 602 2566 quid
615 2504 667 2544 me
682 2479 778 2544 voles.
823 2479 885 2542 Mc.
910 2478 993 2544 Sene
1007 2479 1099 2544 volo:

212 2579 245 2644 N
246 2603 298 2643 am
313 2588 345 2644 te
359 2580 479 2644 sciente
494 2579 618 2656 faciam,
635 2578 788 2665 quiequid
802 2600 907 2663 egero.

124 2778 157 2824 all
168 2783 222 2840 pert
240 2777 269 2825 oi
282 2777 345 2825 their
359 2777 454 2825 scheme
471 2778 509 2826 tor
519 2777 612 2840 getting
622 2791 709 2839 money
741 2789 768 2824 as
779 2775 799 2822 it
809 2773 882 2836 may,'
894 2789 948 2836 ssys
959 2773 1082 2831 Chremes,
1103 2773 1139 2821 ‘if
1151 2788 1248 2836 youare
1264 2774 1328 2831 vise,

124 2847 170 2889 out
183 2843 211 2889 oi
224 2858 280 2904 yon,
298 2843 376 2890 thch
387 2842 418 2890 he
429 2843 476 2890 will
493 2843 545 2904 give
562 2848 588 2889 at
605 2857 664 2889 once
683 2847 709 2889 to
742 2855 790 2902 you
801 2840 848 2886 will
860 2840 912 2900 give
923 2840 1055 2901 cuunously
1066 2839 1115 2887 and
1126 2839 1189 2887 little
1205 2838 1236 2900 by
1248 2837 1327 2887 little*

125 2907 164 2953 his
181 2907 286 2954 mistress
301 2907 349 2954 and
366 2914 409 2954 not
424 2912 449 2954 to
468 2906 587 2954 histriis!
622 2907 709 2954 Inone
743 2905 826 2953 ‘llaec
842 2910 871 2951 ut
889 2910 917 2951 ut
934 2903 1004 2951 snut’
1026 2904 1106 2952 isthe
1124 2903 1224 2964 reading
1245 2904 1273 2951 os
1286 2903 1328 2951 the

124 2971 215 3018 edition
232 2972 243 3019 1
258 2977 321 3019 meet
336 2972 392 3018 with
411 2987 442 3019 no
459 2973 507 3019 less
528 2972 587 3018 than
605 2972 641 3018 six
663 2970 709 3018 dis·
742 2971 842 3017 Vatiean
854 2969 1009 3030 manuscript.

124 3036 202 3084 terent
213 3037 425 3096 arrangementsoi
434 3037 501 3083 these
511 3036 579 3083 lines.
613 3035 709 3097 Togire
774 3037 814 3082 32.
836 3034 902 3080 Nam
925 3038 949 3080 ts
970 3034 1060 3080 edente
1076 3031 1183 3092 scmus.
1212 3031 1329 3093 quicquid

124 3100 236 3148 ‘omnia’
251 3108 277 3148 to
289 3101 454 3157 Menedemus,
471 3116 497 3148 as
510 3101 568 3161 they
586 3099 619 3146 all
637 3100 677 3155 do,
688 3100 709 3147 is
742 3097 824 3159 eyero]
851 3097 902 3143 ‘Te
924 3096 1029 3144 scient&
1051 3111 1099 3144 was
1121 3096 1163 3143 the
1185 3096 1283 3157 reading
1302 3095 1330 3144 oi

124 3180 151 3212 so
174 3165 243 3226 frigid
266 3165 319 3212 thnt
345 3166 356 3213 1
380 3166 440 3213 have
466 3164 576 3212 followed
604 3163 708 3211 Zeune's
741 3162 800 3210 both
824 3161 968 3223 Calpurnius
999 3161 1048 3208 sud
1077 3161 1237 3222 liugraphius.
1274 3160 1327 3210 The

123 3237 298 3290 arrangement,
311 3230 388 3277 which
403 3230 485 3277 makes
503 3229 619 3277 Chremes
635 3228 708 3290 spesi(
742 3225 858 3274 Bembine
875 3225 1022 3287 manuscript
1039 3225 1082 3272 has
1102 3230 1142 3272 ‘te
1159 3225 1274 3272 scientem
1290 3225 1326 3273 sa·

123 3295 290 3355 confinnously
297 3294 359 3341 from
369 3298 375 3320 ⁶
384 3295 423 3341 ltu
431 3293 510 3341 ainnt'
518 3298 544 3340 to
553 3293 707 3354 ‘comparem’
741 3292 802 3338 dem
812 3289 819 3312 '
838 3291 975 3352 equivalent
992 3298 1017 3336 to
1035 3294 1041 3316 ⁴
1051 3290 1175 3339 certiorem
1186 3296 1211 3336 te
1221 3289 1325 3337 inciam.v

123 3358 171 3404 and
194 3359 270 3406 which
281 3359 323 3413 ,he
345 3359 440 3406 derived
469 3359 529 3405 irom
558 3358 634 3405 Fsem
661 3356 709 3404 and
740 3355 790 3402 But
801 3355 894 3416 against
910 3353 1102 3402 thisisthefact
1120 3355 1174 3401 that
1185 3369 1219 3400 vc
1234 3353 1265 3400 do
1282 3357 1327 3401 not

123 3423 234 3484 Bentley.
741 3425 805 3466 most
824 3419 881 3466 with
905 3418 948 3465 the
970 3418 1057 3480 phrase
1076 3419 1208 3465 ‘sclentem
1231 3417 1325 3466 ranem!

160 3489 196 3534 ts.
222 3487 323 3535 Scilicet
345 3486 472 3549 daturum]
504 3485 578 3533 ‘You
601 3500 655 3547 may
677 3484 708 3531 bc
739 3483 792 3530 The
808 3483 912 3530 ablstive
930 3482 1040 3530 absolute
1058 3482 1079 3529 is
1099 3482 1214 3544 perisctly
1235 3482 1325 3529 iutelli-

123 3551 190 3613 quite
212 3552 300 3599 certain
322 3552 375 3599 thet
396 3551 427 3598 he
445 3551 494 3598 will
514 3551 568 3612 gire
588 3549 625 3596 it!
660 3549 707 3596 For
739 3547 876 3609 giblshere.
911 3547 957 3595 We
968 3563 1022 3608 may
1033 3546 1132 3594 observo
1143 3547 1197 3594 that
1207 3547 1249 3593 the
1260 3560 1326 3594 ssme

122 3614 244 3672 ‘culinen'
261 3616 286 3663 in
304 3616 466 3663 construction
481 3615 538 3662 with
558 3614 599 3662 the
618 3614 705 3670 future,
739 3614 828 3673 variety
845 3612 873 3660 os
889 3612 987 3673 reading
1004 3625 1087 3659 occurs
1104 3612 1129 3658 in
1140 3627 1155 3657 a
1166 3611 1255 3657 similar
1271 3624 1325 3657 case

122 3695 163 3728 see
175 3680 346 3728 octenniid.
361 3682 415 3734 117.
739 3677 764 3724 in
783 3677 878 3738 Hecyra
889 3693 912 3724 v.
927 3678 951 3724 3.
963 3679 1011 3727 3⁶2:
1029 3681 1044 3704 ‘⁴
1055 3675 1117 3723 Eum
1137 3675 1196 3721 haec
1213 3673 1325 3734 cognovit

157 3747 197 3792 29.
217 3744 325 3806 cautim]
345 3745 404 3791 This
415 3743 480 3791 word
491 3758 574 3791 occurs
582 3743 639 3804 only
650 3743 708 3790 here
740 3742 867 3803 Myrrhina
876 3742 902 3790 in
913 3741 987 3803 digito
999 3739 1072 3789 modo
1083 3753 1121 3787 me
1132 3736 1262 3786 habenoess’
1279 3736 1325 3785 See

122 3808 502 3870 andmsmymentotnoeius.
536 3808 709 3857 ‘Butbethnt
739 3807 857 3856 thenon.
