2918 4854
667 307 858 376 ANDRIA.

253 486 308 550 Oh.
332 485 427 548 Itane
455 480 667 567 imprudens?
698 478 830 544 tandem
858 477 991 542 invente
1012 481 1068 549 est
1096 497 1210 541 ceusu:
1245 474 1368 540 solvisti

295 582 400 645 fidem.

251 680 311 749 Pa,
336 678 425 749 Quid
445 676 604 741 tandem?
651 674 707 739 Oh.
730 673 841 738 Etiam
862 694 949 741 nune
971 694 1024 735 me
1048 671 1164 751 ducere
1185 671 1256 735 istis
1273 670 1368 734 dictis

295 775 464 861 postules?
1334 786 1369 832 20

251 875 311 938 Pu.
336 873 423 944 Quid
444 872 527 935 istuc
542 872 614 935 est?
662 870 717 935 Oe.
741 869 916 953 Postquam
937 890 990 932 me
1010 889 1118 931 emere
1136 866 1206 930 dixi
1228 865 1367 951 eomple-

296 972 360 1035 oita
374 977 422 1034 est
437 969 506 1033 tibi.

252 1069 327 1132 Heu
341 1091 393 1132 me
407 1068 560 1133 miserum
574 1067 631 1152 qui
645 1072 738 1130 tuum
752 1064 897 1130 animum
911 1085 953 1128 ex
966 1062 1073 1126 animo
1088 1062 1229 1146 spectavi
1244 1084 1323 1125 meo.

251 1166 311 1229 Pu.
336 1165 449 1229 Falsus
464 1189 505 1228 es.
554 1164 609 1231 Oh.
632 1164 749 1230 Nonne
769 1161 829 1228 tibi
851 1161 928 1226 setis
949 1160 1089 1226 essehoc
1103 1160 1209 1225 visum
1232 1160 1369 1224 solidum

297 1270 345 1327 est
360 1262 525 1348 gaudium,

253 1360 326 1425 Nisi
340 1383 392 1424 me
406 1359 554 1424 laotesses
568 1364 729 1422 amantem
744 1364 777 1421 et
791 1356 872 1420 false
886 1378 941 1440 spe
954 1355 1152 1453 produceres.

247 1458 390 1521 Habeas.
435 1457 495 1519 Pu.
518 1455 693 1519 Habeam?
724 1453 766 1519 ah
789 1453 892 1518 neseis
922 1453 1051 1538 quantis
1080 1452 1116 1520 in
1144 1451 1238 1517 malis
1262 1474 1370 1516 verser

255 1577 461 1735 Quhnusetahhue
474 1649 528 1714 hio
543 1648 608 1714 suis
622 1648 762 1713 consiliis
776 1648 859 1713 mihi
873 1648 1010 1713 confecit
1025 1647 1255 1713 sollicitudines
1336 1569 1368 1613 2⁰

254 1748 346 1811 Meus
368 1747 531 1811 carnufex.
580 1746 635 1810 Oh.
660 1745 747 1817 Quid
771 1746 853 1809 istuc
877 1753 945 1809 tem
968 1745 1088 1811 mirum
1107 1754 1155 1811 est
1169 1745 1209 1810 de
1223 1753 1256 1809 te
1271 1745 1299 1810 si
1313 1768 1367 1810 ex·

297 1845 440 1930 emplum
454 1844 567 1929 oepit?

254 1944 315 2007 Pu.
338 1943 438 2007 Haud
451 1942 533 2006 istuo
549 1941 636 2006 dioes
651 1941 678 2006 si
693 1941 840 2026 cognoris
854 1941 906 2005 vel
921 1965 973 2006 me
987 1940 1039 2005 vel
1054 1964 1194 2005 emerem
1207 1963 1325 2005 meum.

258 2041 312 2106 Oh.
337 2040 426 2106 Soio:
451 2063 525 2104 cum
543 2048 635 2124 patre
658 2040 820 2106 elteroesti
840 2040 982 2103 dudum:
1005 2046 1038 2104 et
1053 2040 1080 2104 is
1094 2062 1181 2103 nuno
1202 2046 1369 2123 propterea

255 2140 442 2302 Suilddnset:
464 2259 523 2300 neo
538 2242 570 2300 te
585 2236 689 2320 quivit
703 2236 798 2300 hodie
812 2258 924 2320 eogere
938 2234 1029 2299 illum
1042 2242 1080 2298 ut
1094 2235 1232 2300 duceres.
1337 2252 1371 2297 ³0

170 2436 244 2535 dimin
260 2420 586 2546 ppfppgrootptpryupffies
600 2420 754 2541 lhellhsrhhhi
786 2419 1188 2532 ididotooebhnihtoliddlliihiclilhie
1208 2418 1317 2531 middlihi
1324 2434 1371 2531 <iiii

170 2550 249 2612 Epist.
261 2551 277 2598 i.
292 2553 313 2599 l.
327 2552 381 2606 103,
401 2549 502 2612 Bentley
519 2548 588 2596 rende
608 2549 753 2610 ‘suspicien-
786 2548 902 2605 material,
924 2548 1046 2605 unmixed,
1068 2548 1169 2595 without
1190 2548 1252 2594 flaw.
1287 2548 1371 2595 Henoe

169 2614 326 2671 tis,’butsee
337 2613 482 2661 Mueleene'e
499 2617 563 2660 note.
598 2613 630 2660 So
645 2619 686 2661 too
702 2614 754 2660 llo·
787 2628 823 2661 we
834 2612 913 2660 derive
923 2612 964 2659 the
975 2612 1029 2659 idea
1041 2612 1069 2659 oi
1086 2611 1177 2674 ‘pura'
1211 2613 1242 2659 lu
1252 2612 1295 2659 the
1306 2628 1371 2660 seme

170 2693 232 2736 reue,
244 2679 321 2740 Epist.
340 2679 356 2726 i.
368 2680 392 2726 6.
407 2680 449 2734 17:
468 2677 582 2725 “quno
592 2683 717 2738 argeutum
729 2683 754 2725 et
786 2692 855 2726 sense
874 2692 910 2724 we
931 2677 992 2724 have
1013 2677 1130 2724 ‘solidum
1153 2675 1314 2733 beneficium‚’
1341 2683 1371 2724 ‘a

170 2757 275 2790 marmor
285 2747 362 2798 vetus,
372 2757 482 2804 aeraque,
493 2746 591 2789 etartes
603 2739 729 2804 SuspioeJ’
786 2741 938 2796 subeuntiu,
957 2741 1006 2788 real
1023 2741 1153 2799 kiuduess,'
1172 2741 1235 2788 Eun.
1248 2757 1270 2788 v.
1287 2745 1310 2788 2.
1328 2743 1369 2790 32.

206 2809 242 2856 19.
263 2807 362 2855 Solone·
370 2806 460 2867 fidem]
497 2805 673 2867 ‘Prettilyyou
692 2805 754 2853 have
788 2806 865 2854 δεον.
885 2809 909 2853 3.
923 2808 952 2853 8:
971 2805 1061 2853 “Nam
1078 2806 1143 2853 huno
1160 2805 1209 2853 ecio
1226 2821 1279 2853 mea
1297 2806 1371 2853 solide

171 2869 271 2918 lulfilled
282 2886 343 2932 your
361 2868 495 2931 promieel'
518 2865 581 2917 'The
600 2868 690 2917 ‘fides'
708 2871 729 2916 is
740 2885 755 2916 a
787 2870 863 2918 solum
880 2871 1017 2932 gavisurum
1033 2870 1147 2932 gaudia,''
1165 2870 1210 2917 ‘he
1227 2870 1304 2918 lethe
1314 2871 1371 2932 only

190 2935 257 2996 ledge
277 2935 307 2997 by
329 2935 406 2981 which
424 2949 439 2980 a
457 2949 543 2996 person
562 2933 633 2982 binde
650 2934 754 2981 himself.
787 2949 833 2982 oue
844 2935 897 2982 who
909 2935 957 2982 will
968 2935 1111 2998 thoroughly
1122 2935 1209 2995 rejoiee
1223 2935 1248 2981 in
1260 2950 1300 2996 my
1310 2935 1370 2996 hap·

171 2949 258 3047 llenoe
272 2998 304 3062 by
321 2999 433 3060 fulfilliug
443 2999 480 3046 his
496 2999 601 3060 promise
612 2998 644 3047 he
654 2999 755 3046 reienses
787 3000 884 3060 pineus!
910 2999 993 3047 Cioero
1005 2999 1140 3062 frequently
1151 3015 1206 3046 uses
1216 2999 1259 3046 the
1270 2999 1336 3046 word
1345 2999 1370 3046 in

171 3063 271 3112 himself
286 3064 347 3111 irum
367 3064 405 3111 his
421 3063 514 3125 pledge.
547 3063 600 3110 The
618 3064 756 3111 oorrelstive
787 3079 802 3111 s
824 3064 912 3112 similar
933 3079 1010 3111 sense.
1044 3065 1091 3112 We
1112 3069 1178 3112 must
1199 3064 1297 3112 observa
1318 3063 1371 3111 that

173 3127 320 3176 ‘tibimesm
333 3125 633 3189 astringofidem’oocurs
648 3128 673 3174 in
690 3127 754 3174 Eun.
789 3127 865 3175 'tibi'
888 3128 908 3176 is
930 3133 956 3175 to
979 3127 1008 3176 be
1029 3128 1182 3190 prouounoed
1206 3143 1232 3175 as
1254 3143 1370 3175 omouo·

172 3193 188 3240 i.
201 3197 224 3241 2.
236 3196 276 3241 22.
311 3194 429 3255 Compare
444 3193 581 3250 “Voverat,
598 3197 623 3240 et
641 3193 690 3239 voti
708 3192 755 3240 sol-
787 3191 952 3254 syllableaud
965 3191 1150 3240 ‘es'oouleeoes
1160 3193 1218 3239 with
1231 3191 1335 3240 ‘falsus’

172 3263 239 3305 versu
249 3263 305 3305 ante
315 3257 413 3315 tidem,''
426 3257 497 3313 Ovid,
510 3257 574 3304 Fest
586 3258 602 3304 i.
614 3257 670 3305 642.
821 3259 861 3312 23,
872 3257 925 3318 23]
961 3256 1010 3304 For
1019 3258 1062 3304 the
1076 3257 1167 3318 change
1183 3256 1212 3304 oi
1226 3257 1297 3304 moed
1309 3258 1371 3306 from

205 3325 245 3370 23.
262 3324 347 3370 Etiam
366 3337 430 3370 nune
447 3337 485 3369 me
502 3323 590 3368 duem
607 3323 662 3369 letio
683 3321 756 3368 dietis
789 3320 897 3369 ‘verser’
910 3320 1081 3369 to‘oouieeit'
1093 3336 1132 3369 see
1143 3327 1200 3368 note
1211 3337 1243 3368 on
1254 3322 1270 3369 i.
1282 3325 1306 3369 h.
1319 3323 1359 3370 36.

167 3386 313 3448 postulat]
350 3385 479 3433 ‘Postulo'
499 3387 555 3432 with
577 3386 619 3433 the
639 3386 755 3433 infinitive
821 3389 860 3435 29.
878 3385 1024 3448 Altereaeti]
1061 3385 1160 3434 Innter
1171 3387 1261 3434 writers
1270 3385 1371 3433 wehave

173 3450 329 3510 oorreeponds
351 3450 408 3497 with
430 3450 472 3496 the
494 3450 573 3497 Greek
596 3450 693 3508 ἀξιοῦν,
715 3454 757 3497 ‘te
788 3450 831 3498 the
841 3450 962 3512 deponent
972 3450 1069 3497 formos
1077 3450 1189 3498 thererb.
1224 3449 1370 3499 ‘Altereari'

172 3513 266 3562 desire!
301 3513 418 3574 Compare
434 3512 537 3573 Adelphi
548 3514 572 3559 il.
585 3516 608 3561 2.
620 3517 666 3563 ³0:
685 3514 757 3561 “Per
789 3515 915 3576 originally
933 3514 1038 3576 sigrrihes
1058 3519 1098 3562 ‘to
1113 3514 1244 3571 oonverse'
1262 3520 1303 3562 ‘to
1320 3515 1370 3562 talk

172 3577 351 3638 oppressionem
361 3584 388 3623 ut
395 3577 456 3623 hano
467 3577 500 3622 mi
508 3577 599 3638 eripere
609 3579 715 3639 postulet
725 3577 756 3624 ?''
788 3579 814 3626 in
831 3579 946 3626 alternate
957 3577 1087 3640 speeches,'
1098 3579 1199 3627 without
1209 3594 1257 3641 any
1264 3595 1334 3627 sense
1346 3578 1374 3626 oi

172 3639 453 3702 Thephrese‘duoem'
466 3640 627 3697 ‘todeoeive‚'
640 3642 755 3689 hasbeen
789 3643 939 3704 quarrelling.
973 3643 1041 3691 'sbue
1061 3643 1156 3699 Caesar,
1177 3644 1238 3691 Bell.
1261 3644 1314 3692 Cir.
1336 3644 1370 3692 iii.

173 3705 268 3753 notioed
290 3705 374 3752 above.
408 3705 526 3765 Compare
549 3705 661 3752 Phormio
680 3707 712 3752 iii.
731 3710 755 3753 2.
791 3709 837 3757 lu:
855 3708 1002 3755 “labienus
1021 3708 1129 3755 altercari
1148 3723 1202 3755 oum
1220 3709 1318 3756 Vatinio
1334 3709 1371 3754 in·

175 3772 214 3818 16.
249 3770 273 3817 lt
283 3786 367 3817 oooure
378 3785 433 3831 very
448 3769 583 3830 frequently
595 3770 654 3817 both
671 3771 696 3816 iu
707 3771 756 3817 thie
789 3772 848 3833 cipit
857 3771 881 3829 ;''
898 3771 1029 3820 uudsowe
1046 3772 1106 3820 hove
1124 3773 1280 3830 ‘litteratim'
1291 3788 1320 3820 or
1330 3773 1371 3820 de·

174 3834 235 3881 form
247 3836 294 3882 eud
309 3851 336 3882 as
353 3835 396 3882 the
407 3834 580 3896 frequentative
592 3838 597 3860 ¹
607 3833 718 3883 ductare'
730 3837 756 3881 in
788 3835 880 3897 beting,
891 3852 918 3884 as
929 3837 1035 3898 opposed
1046 3843 1072 3885 lo
1089 3842 1126 3884 set
1142 3837 1262 3899 speeches‚
1274 3838 1298 3884 in
1311 3837 1372 3900 Livy

174 3898 282 3946 Plautus.
314 3897 753 3960 80⁴1aoio'uaspassedinto‘not0!
787 3901 862 3947 Μ.
881 3906 896 3928 ‘¹
907 3900 968 3949 Cum
980 3902 1004 3948 in
1015 3903 1149 3949 ooutionem
1161 3909 1186 3948 et
1196 3902 1304 3949 consules
1316 3917 1371 3964 pro·

174 3963 220 4011 See
230 3978 252 4009 v.
265 3966 304 4011 23.
788 3965 915 4012 euasissent
934 3971 958 4012 et
975 3981 1012 4012 res
1023 3982 1038 4013 a
1048 3966 1169 4028 perpetuis
1180 3966 1371 4013 orationibus.in

206 4029 246 4075 23.
263 4028 394 4089 Fuluuses]
432 4027 548 4077 ‘Falsus’
561 4028 581 4075 is
592 4028 649 4075 here
660 4028 754 4075 usediu
788 4030 965 4077 altercationem
984 4030 1124 4086 vertisset;”
1148 4031 1195 4077 aud
1218 4030 1310 4086 cluere,
1332 4029 1371 4078 Ad

173 4091 204 4138 its
226 4093 326 4152 original
348 4090 480 4153 partidpial
501 4107 577 4139 sense.
620 4091 693 4139 ‘You
716 4107 756 4140 are
788 4094 896 4140 Atticum
908 4095 924 4140 i.
938 4096 983 4141 16:
1003 4095 1139 4142 “Clodium
1151 4095 1371 4156 praesentemfregi

172 4154 300 4210 deceived,'
326 4157 363 4203 ‘in
385 4155 469 4204 error!
509 4157 626 4218 Compare
649 4157 755 4213 Plautus,
788 4157 813 4203 iu
826 4157 914 4204 Senatu
933 4172 1006 4219 quum
1027 4160 1134 4206 oratione
1150 4166 1266 4220 perpetua
1283 4160 1371 4221 plenis-

173 4216 297 4265 Aululsria
308 4221 332 4266 ii.
347 4221 368 4267 l.
381 4223 410 4266 4:
430 4220 599 4281 “Quanquam
616 4221 679 4268 haud
696 4221 757 4269 fslsu
789 4222 849 4268 sime
867 4223 997 4282 gravitatis,
1016 4227 1067 4269 tum
1086 4224 1238 4271 altercatione
1254 4223 1371 4284 ejusmodi

173 4296 227 4328 snm
239 4297 282 4328 nos
294 4285 387 4330 odiosus
398 4283 507 4331 haberi.”
787 4300 817 4332 ex
829 4301 877 4347 qua
888 4287 943 4333 licet
960 4302 1034 4347 pauea
1045 4288 1156 4348 degustes
1166 4286 1190 4342 ;”
1207 4289 1255 4335 aud
1272 4288 1304 4335 he
1314 4302 1370 4350 pro·

207 4347 319 4393 Selicium
339 4348 469 4410 pendium]
504 4349 558 4397 The
575 4349 711 4412 etymology
730 4349 759 4397 of
788 4351 857 4398 eeeds
877 4355 903 4398 to
920 4351 974 4412 give
992 4366 1007 4397 a
1028 4353 1150 4412 specimen
1172 4352 1200 4399 of
1220 4353 1262 4402 the
1288 4352 1372 4416 ehorp·

173 4408 609 4461 theword⁴eoluum'ieunoeruiu
643 4414 756 4462 Itseeme
787 4413 900 4476 shootiuy
910 4414 987 4463 which
997 4416 1055 4463 took
1065 4416 1141 4479 phoe.
