2918 4854
641 314 864 381 PHORMIO.

239 495 301 559 Pi.
313 489 402 556 Perii
410 488 532 554 hercle:
548 511 665 553 nomen
676 487 811 573 perdidi.
832 487 890 551 De.
901 484 998 563 Hem,
1008 484 1169 570 quiduis?
1182 484 1248 550 Ph.
1274 485 1373 553 Geta.

241 591 277 656 Si
289 586 466 653 meministi
480 587 516 650 id
530 587 616 671 quod
630 585 708 650 olim
722 585 845 649 dictum
860 591 917 661 est,
934 583 1062 670 subjice.
1102 582 1199 660 Hem,
1339 605 1375 651 so

241 690 317 754 Non
332 687 421 751 dico:
445 686 537 771 quasi
551 707 617 749 non
630 684 727 760 noris,
743 690 905 748 tentatum
920 681 1061 746 advenis.

242 788 299 850 Dc.
324 785 437 870 Egone
472 790 580 847 autem
614 783 736 847 tento?
788 780 842 845 Ge.
873 779 1010 864 Stilpho.
1058 779 1121 843 Pi.
1145 778 1258 866 Atque
1290 782 1374 847 adeo

289 884 369 968 quid
383 883 482 946 mea?

243 979 371 1066 Stilpho
405 988 461 1044 est.
507 979 564 1042 Dc.
590 976 694 1050 Quem
727 976 839 1041 dixti?
883 976 945 1040 Pi.
972 975 1184 1061 Stilphonem,
1222 977 1371 1063 inquam,

244 1078 515 1262 Depfffifeiego
529 1175 623 1238 illum
638 1196 764 1251 noram3
788 1196 892 1259 neque
906 1172 988 1237 mihi
1004 1180 1159 1259 cognatus
1173 1173 1238 1238 fuit
1315 1165 1318 1171 ⁵

247 1275 425 1360 Quisquam
445 1274 524 1338 istoc
544 1272 683 1337 nomine.
733 1272 795 1335 Pi.
820 1272 940 1336 Itane?
961 1294 1026 1335 non
1045 1279 1077 1335 te
1102 1272 1219 1337 horum
1242 1274 1373 1357 pudet?

245 1373 293 1437 At
307 1374 335 1437 si
349 1372 509 1437 talentum
523 1394 593 1435 rem
607 1371 788 1456 reliquisset
803 1371 956 1433 decem-
1336 1383 1372 1434 46

246 1470 303 1532 De.
327 1468 372 1532 Di
386 1469 447 1532 tibi
461 1468 674 1534 malefaciant.
719 1467 781 1531 Pa.
805 1468 928 1552 primus
943 1490 1025 1532 esses
1039 1468 1223 1532 memoriter

246 1562 441 1646 Progeniem
455 1570 595 1626 vestram
609 1585 709 1647 usque
724 1563 764 1626 ab
779 1585 839 1626 avo
853 1569 950 1646 atque
964 1570 1059 1627 atavo
1072 1561 1248 1646 proferens.

247 1661 304 1724 De.
329 1659 383 1723 Ite
397 1667 435 1723 ut
451 1660 548 1724 dicis:
572 1684 633 1746 ego
648 1668 718 1724 tum
733 1662 761 1725 si
775 1659 982 1737 advenissem,
999 1659 1056 1746 qui
1069 1660 1150 1724 mihi

249 1758 395 1844 Cognata
410 1781 447 1822 ea
463 1766 544 1822 esset
559 1759 716 1824 dicerem:
741 1760 854 1824 itidem
868 1769 905 1823 tu
919 1759 997 1823 fece.
1338 1779 1376 1826 ⁵0

248 1856 334 1921 Cedo
349 1856 405 1942 qui
419 1864 468 1921 est
482 1859 647 1943 cognata?
690 1858 743 1922 Ge.
767 1859 829 1934 Eu,
845 1869 961 1933 noster,
977 1865 1072 1923 recte.
1112 1856 1203 1922 Heus
1216 1865 1265 1935 tu,
1280 1880 1373 1924 cave.

247 1954 309 2018 Pir.
334 1954 483 2019 Dilucide
498 1955 647 2040 expedivi
662 1957 778 2041 quibus
791 1979 844 2019 me
858 1956 999 2040 oportuit

248 2052 435 2118 Judicibus:
459 2062 539 2130 tum,
555 2054 583 2118 si
598 2053 632 2118 id
646 2054 764 2119 falsum
778 2053 892 2130 fuerat,
908 2052 994 2118 filius

249 2151 315 2216 Cur
329 2175 395 2217 non
409 2151 550 2216 refellit?
593 2152 650 2216 De.
667 2152 789 2216 Filium
803 2174 914 2215 narras
928 2151 1020 2227 mihi,

249 2247 348 2335 cujus
362 2250 402 2314 de
417 2250 555 2315 stultitia
570 2250 634 2313 dici
648 2257 686 2313 ut
701 2249 838 2335 dignum
852 2256 980 2314 estnon
994 2252 1127 2335 potest?

248 2347 310 2411 Pir.
334 2346 382 2412 At
396 2356 433 2413 tu
447 2349 505 2434 qui
518 2348 645 2432 sapiens
659 2371 692 2412 es
707 2347 915 2433 magistratus
930 2347 1003 2426 adi3

248 2444 271 2508 J
272 2445 415 2509 udicium
430 2447 469 2510 de
484 2445 595 2509 eadem
609 2467 703 2509 causa
717 2445 837 2508 iterum
851 2452 888 2507 ut
903 2445 1041 2509 reddant
1055 2445 1135 2523 tibi;

251 2543 518 2629 Quandoquidem
532 2543 616 2607 solus
631 2565 756 2628 regnas,
773 2551 805 2606 et
820 2543 879 2607 soli
893 2542 969 2606 licet
1005 2604 1011 2619 ,

249 2640 315 2704 Hie
329 2641 369 2704 de
385 2639 496 2703 eadem
510 2663 605 2704 causa
619 2640 668 2704 bis
679 2638 838 2726 judicium
855 2639 1032 2724 adipiscier.

250 2738 306 2800 De.
330 2737 402 2801 Etsi
415 2737 498 2800 mihi
513 2738 598 2802 facts
612 2737 732 2823 injuria
746 2745 803 2815 est,
820 2745 1041 2802 verumtamen

250 2833 362 2900 Potius
377 2858 474 2920 quam
487 2835 561 2900 lites
576 2842 685 2913 secter,
703 2843 759 2899 aut
773 2858 871 2920 quem
884 2844 918 2900 te
932 2836 1070 2912 audium,

197 3070 238 3118 ³9.
266 3066 340 3129 Gela]
376 3068 488 3116 Phormio
510 3069 567 3116 here
588 3069 702 3132 whispers
724 3075 750 3118 to
783 3075 808 3117 to
824 3070 946 3127 Phormio,
962 3071 1010 3118 eud
1024 3076 1050 3118 et
1064 3071 1107 3119 the
1121 3085 1187 3118 seme
1200 3072 1260 3119 time
1275 3076 1302 3120 to
1317 3074 1374 3135 give

166 3133 236 3189 Gom
255 3136 261 3159 ⁴
273 3132 298 3179 Ii
313 3148 361 3192 you
372 3133 506 3181 remember
525 3133 567 3181 the
586 3149 656 3182 neme
673 3135 750 3183 which
784 3135 896 3181 Phormio
908 3151 922 3182 a
934 3141 1040 3183 moment
1051 3141 1076 3183 to
1088 3136 1173 3183 collect
1190 3135 1304 3194 himseli;
1323 3139 1374 3186 end

166 3197 179 3245 1
191 3212 249 3259 gere
263 3198 315 3258 just
326 3213 387 3252 now,
400 3203 497 3260 prompt
508 3213 547 3246 me
556 3199 572 3255 ;'
589 3200 636 3246 and
648 3201 706 3246 then
718 3200 749 3246 he
782 3199 840 3246 then
853 3199 966 3246 Phormio
987 3200 1092 3248 declines
1103 3207 1128 3247 to
1139 3216 1170 3261 go
1181 3200 1232 3248 into
1244 3201 1286 3248 the
1297 3217 1373 3264 quee-

165 3269 235 3309 turns
246 3268 272 3309 to
284 3262 413 3324 Demipho,
424 3263 470 3310 end
482 3269 538 3325 puts
550 3280 564 3310 s
574 3264 631 3312 hold
649 3264 701 3311 fece
717 3279 749 3310 ou
782 3265 833 3311 tion
843 3279 858 3310 s
868 3264 955 3310 second
966 3265 1033 3311 time.

166 3326 193 3383 it,
211 3328 241 3374 ‘I
260 3328 307 3374 will
326 3334 370 3374 not
387 3328 430 3375 tell
445 3343 500 3389 you,
521 3344 569 3390 you
588 3343 628 3376 are
645 3335 749 3376 corneto
814 3331 854 3376 ῠΒ.
887 3329 1085 3390 Quandoquidem
1103 3330 1169 3377 rolris
1191 3329 1289 3390 recisos]
1328 3332 1375 3380 ‘Ii

166 3396 204 3454 try
215 3407 262 3447 me,
272 3393 324 3452 J'ust
334 3408 360 3439 ss
371 3393 393 3439 if
401 3408 448 3454 you
460 3393 500 3440 did
512 3400 555 3440 not
566 3393 636 3440 know
648 3393 715 3440 him!
782 3408 843 3455 your
854 3407 897 3439 son
909 3408 956 3440 wss
968 3394 1026 3441 such
1037 3409 1052 3440 s
1062 3393 1111 3441 iool
1122 3409 1148 3440 es
1167 3408 1214 3454 you
1234 3393 1293 3456 my,’
1314 3409 1372 3457 says

199 3460 238 3506 ⁴2.
256 3458 341 3517 Epone
354 3461 435 3504 autem
454 3459 552 3519 terrici]
590 3457 619 3504 *1
638 3472 706 3504 corne
725 3461 751 3504 io
784 3457 905 3513 Phormio,
918 3462 924 3484 ¹
935 3473 982 3518 you
991 3459 1044 3505 who
1055 3474 1095 3506 ere
1107 3457 1272 3520 undoubtedly
1282 3474 1297 3505 e
1311 3461 1372 3508 viee

164 3521 297 3583 tryyon?'
316 3521 642 3570 For⁴autem'seenoteon
657 3522 752 3581 Hecyra
784 3537 840 3568 man
852 3522 897 3568 hed
910 3521 988 3569 better
1000 3523 1120 3584 gotothe
1137 3523 1223 3582 judges
1240 3523 1288 3570 end
1308 3524 1372 3572 heve

165 3586 182 3634 i.
193 3589 217 3634 2.
230 3589 270 3634 25.
304 3585 366 3633 Geta
377 3586 490 3647 whispers
509 3584 639 3648 ‘Stilpho'
673 3585 751 3633 ‘Weil
783 3586 826 3634 the
844 3601 898 3633 cese
920 3587 981 3634 tried
1003 3602 1060 3634 orer
1081 3588 1158 3648 again.
1193 3587 1241 3635 For
1261 3602 1310 3650 you
1328 3604 1372 3638 ere

165 3648 242 3705 then,'
254 3665 309 3710 says
327 3649 449 3703 Phormio,
470 3650 551 3698 ‘what
568 3655 667 3697 mettere
687 3651 706 3696 it
725 3655 751 3696 to
783 3651 893 3698 absolute
904 3653 975 3708 here;
992 3652 1039 3698 sud
1056 3668 1103 3714 you
1118 3668 1158 3699 era
1175 3650 1218 3698 the
1235 3653 1293 3714 only
1311 3669 1372 3702 men

166 3715 224 3762 me?
259 3714 319 3761 Itis
337 3714 450 3776 Stilpho!
484 3714 696 3776 For‘quidmee'
710 3729 749 3762 see
782 3716 836 3762 who
848 3731 891 3762 cen
904 3716 1054 3764 haveecaee
1065 3718 1124 3763 tried
1136 3717 1205 3763 twice
1216 3716 1290 3764 over.'
1321 3718 1372 3767 For

165 3783 223 3826 note
234 3794 265 3825 on
280 3779 375 3839 Hecyra
385 3780 417 3825 iv.
429 3781 453 3825 3.
468 3779 505 3826 ll.
783 3779 898 3841 ‘regnas’
910 3796 1022 3843 compare
1034 3782 1168 3844 Adelphiii.
1183 3782 1203 3828 l.
1217 3784 1245 3831 21
1257 3801 1263 3829 r
1277 3786 1292 3809 “
1303 3782 1371 3845 Reg.

198 3845 237 3890 ol.
259 3845 306 3900 Qui
318 3850 353 3890 ert
365 3847 467 3903 coprete
479 3842 505 3904 f]
542 3842 622 3893 ‘Qui’
643 3843 663 3890 is
681 3845 748 3905 equi·
781 3860 880 3900 numne,
900 3846 1026 3903 Aeschine,
1044 3847 1128 3894 hictu
1144 3846 1286 3908 possides?”
1322 3847 1373 3897 For

164 3908 245 3955 velent
267 3915 292 3955 to
315 3912 379 3966 ‘quo
400 3907 489 3954 modo!
524 3907 604 3954 When
627 3908 748 3970 Demipho
781 3910 823 3957 the
840 3910 917 3957 whole
936 3925 1035 3972 pessege
1054 3927 1166 3974 compare
1182 3911 1372 3972 Demosthenes,

164 3978 221 4034 puts
240 3972 288 4019 this
310 3972 385 4018 direct
407 3973 526 4033 question,
550 3972 611 4020 Geta
633 3974 749 4035 sppleuds
782 3975 905 4035 Leptines,
918 3990 942 4036 p.
955 3978 1019 4023 502:
1039 3975 1067 4022 oi
1079 3977 1152 4038 νόμοι
1163 3974 1187 4022 δὲ
1200 3976 1244 4022 mir
1260 3976 1317 4024 iniec
1331 3976 1373 4037 δὶς

164 4037 223 4092 him,
237 4037 315 4083 ‘well
326 4036 397 4091 done,
410 4053 450 4098 my
463 4036 567 4092 mester,'
579 4038 626 4084 end
638 4039 705 4095 adds,
722 4053 749 4085 os
783 4041 848 4099 πρὸς
871 4040 918 4086 τὸν
938 4038 1019 4087 αὑτὸν
1041 4039 1103 4102 ὑπὲρ
1126 4043 1178 4088 τῶν
1201 4040 1288 4087 αὐτῶν
1310 4042 1372 4092 αὖτε

163 4101 185 4148 ii
193 4102 300 4162 exulting
311 4116 367 4149 over
380 4101 500 4158 Phormio,
520 4103 603 4150 ‘hook
621 4118 669 4163 yon
686 4118 747 4157 now,
782 4101 861 4160 δίκας,
885 4102 940 4151 οὔτε
967 4105 1084 4162 εὐθύνας,
1113 4104 1169 4152 οὔτε
1198 4102 1372 4165 διαδικασίαν,

163 4164 302 4213 tekecere!
336 4166 408 4212 Some
427 4167 506 4215 critice
522 4168 583 4214 heve
593 4167 695 4215 debeted
706 4167 749 4214 the
782 4166 834 4214 οὔτ’
846 4168 913 4214 elit
927 4169 1109 4217 remereville
1120 4169 1192 4217 river.
1217 4169 1278 4216 This
1288 4173 1373 4220 would

163 4231 274 4294 question
295 4229 401 4278 whether
421 4233 488 4279 these
506 4233 583 4279 words
596 4247 637 4279 ere
656 4233 747 4292 spoken
781 4231 963 4294 besprinciple
982 4233 1010 4281 of
1023 4234 1067 4280 lew
1085 4234 1213 4296 generelly.
1248 4234 1302 4281 The
1316 4236 1370 4284 Ro.

162 4294 355 4342 tioudoraside.
389 4295 468 4343 There
479 4297 499 4342 is
510 4312 542 4343 no
558 4297 606 4344 recl
623 4297 746 4358 difficulty.
781 4311 835 4343 man
855 4297 899 4344 lev
915 4298 970 4352 hed,
989 4299 1106 4355 however,
1122 4298 1227 4360 sppeels,
1239 4299 1287 4346 sud
1299 4300 1374 4351 there

163 4359 322 4420 Getespeeks
341 4360 420 4415 cloud,
437 4361 565 4423 purposely
583 4370 609 4407 to
624 4362 694 4408 melre
709 4361 747 4409 his
780 4376 828 4409 was
839 4361 1028 4411 the⁴restitutio
1043 4362 1217 4426 inintegrum!
1252 4364 1373 4415 Seenote

163 4429 252 4471 muter
263 4437 367 4484 suppose
377 4424 432 4472 thet
447 4425 630 4487 heirstrongly
641 4425 747 4488 opposed
779 4426 804 4473 ii.
817 4428 841 4474 4.
856 4428 892 4474 ΙΙ.
1187 4438 1196 4447 ·
