2918 4854
662 309 726 376 ΑΝ
728 309 852 374 DRIA.

242 484 307 549 Pro
322 484 418 547 deum
432 489 528 567 atque
542 480 712 545 hominum
727 479 846 544 fidem!

242 582 276 646 N
276 582 375 645 ullon'
391 604 451 666 ego
467 579 646 643 Chremetis
660 587 753 662 paeto
769 577 970 641 adfinitatem
985 574 1126 661 effligere
1140 576 1285 662 poterut

246 678 331 751 Quot
346 678 449 742 modis
464 675 838 760 contemptusspretusi
853 675 947 751 facta
959 681 1121 738 transacta
1134 674 1256 738 omnia:
1273 673 1358 748 hem,

243 777 444 861 Repudiatus
475 782 618 859 repetor:
651 772 885 858 quamobrem?
914 773 979 837 nisi
1003 773 1031 837 si
1055 773 1091 836 id
1109 779 1158 836 est
1181 771 1268 856 quod
1292 793 1359 835 sus·

243 897 379 1056 Alldcull
388 923 528 1034 monstri
543 969 635 1033 alunt
648 993 655 1032 ε
679 992 716 1033 ea
730 968 883 1054 quoniam
896 967 1020 1032 nemini
1034 967 1164 1033 obtrudi
1177 972 1292 1051 potest,
1330 981 1360 1028 15

245 1069 318 1132 Itur
329 1069 370 1131 ad
384 1091 445 1131 me.
490 1068 558 1148 My.
583 1066 694 1130 Oratio
708 1067 787 1130 haee
801 1089 853 1129 me
867 1065 1017 1153 miseram
1032 1065 1230 1129 exanimavit
1243 1071 1342 1128 metu.

245 1166 305 1230 Pa.
329 1167 362 1230 N
363 1189 416 1229 am
431 1165 511 1250 quid
525 1187 585 1249 ego
599 1186 686 1228 nuno
701 1164 807 1227 dicam
821 1164 861 1227 de
875 1163 992 1247 patre?
1014 1163 1057 1226 ah

245 1263 382 1327 Tantam
397 1286 466 1326 rem
481 1270 548 1326 tam
563 1261 767 1347 negligenter
781 1261 896 1346 agere!
920 1259 1115 1346 praeteriens
1129 1258 1223 1322 modo

246 1360 332 1423 Mihi
355 1360 441 1443 opud
463 1359 578 1436 forum,
604 1357 717 1422 ‘Uxor
731 1358 792 1423 tibi
806 1358 952 1421 ducenda
966 1365 1023 1435 est,
1040 1355 1219 1441 Pamphile,
1244 1354 1361 1430 hodie,'

246 1465 485 1618 Ablilddliihmlla
485 1479 539 1617 1lli
544 1552 590 1616 mi
599 1553 685 1617 visus
697 1559 745 1617 est
753 1551 868 1630 dicere,
880 1551 955 1616 ‘Abi
966 1551 1039 1629 nito,
1050 1559 1083 1616 et
1092 1550 1248 1635 suspende
1258 1550 1312 1614 te'
1329 1568 1363 1614 ao

247 1651 414 1735 Obstipui:
438 1651 562 1714 oensen'
578 1673 630 1714 me
644 1652 778 1716 verbum
788 1650 928 1735 potuisse
941 1649 1046 1713 ullum
1058 1649 1206 1734 proloqui
1216 1649 1232 1713 Ρ
1259 1656 1316 1712 aut

246 1748 358 1812 Ullam
373 1770 509 1825 eausam,
525 1747 639 1812 saltem
652 1748 805 1834 ineptam,
818 1747 941 1824 falsam,
957 1747 1129 1833 iniquam?
1174 1744 1340 1810 Obmutui.

248 1846 342 1917 Quod
366 1845 393 1909 si
416 1868 476 1930 ego
499 1846 663 1910 rescissem
687 1845 723 1908 id
745 1845 835 1930 prius
856 1845 936 1930 quid
957 1844 1104 1921 faoerem,
1131 1845 1159 1908 si
1180 1844 1253 1929 quis
1276 1865 1363 1907 nuno

247 1945 535 2127 Ahl'lilriliodddelem
548 2050 585 2106 ut
599 2042 660 2106 hoo
674 2064 716 2106 ne
737 2041 883 2106 faoeram.
929 2040 993 2105 Sed
1006 2063 1093 2105 nuno
1117 2041 1196 2127 quid
1221 2040 1365 2126 primum

248 2140 590 2398 Toztlxhiduirhirediunt
615 2260 719 2315 curae,
745 2260 827 2324 quae
844 2259 953 2301 meum
974 2236 1119 2301 animum
1137 2236 1283 2302 divorsae
1298 2244 1362 2300 tra·

315 2342 385 2412 unt,
1329 2349 1363 2396 2⁵

248 2431 359 2509 Amor,
375 2432 592 2497 misericordia
605 2432 711 2519 hujus,
727 2433 915 2518 nuptiarum
930 2431 1122 2509 sollicitatio,

249 2529 333 2593 Tum
357 2529 458 2614 patris
479 2530 582 2614 pudor
603 2530 660 2616 qui
681 2553 733 2595 me
755 2537 823 2594 tam
845 2529 912 2594 leni
933 2551 1043 2614 passus
1065 2529 1173 2595 animo
1194 2535 1243 2594 est
1264 2551 1365 2614 usque

251 2627 432 2795 Qddlehllleo
453 2747 579 2809 cunque
597 2724 704 2788 animo
723 2724 853 2790 libitum
868 2732 916 2789 est
931 2723 1043 2789 faeere.
1082 2721 1166 2786 Eine
1180 2742 1241 2806 ego
1255 2728 1293 2785 ut
1308 2720 1363 2785 ad-

292 2845 400 2888 vorser
412 2823 428 2887 Ρ
449 2822 506 2907 hei
518 2821 619 2885 mihi!

164 3064 217 3111 'ibe
238 3064 371 3112 aecumtive
397 3063 445 3111 and
472 3062 589 3111 infinitivo
616 3077 657 3111 are
683 3063 749 3111 often
782 3063 962 3112 nooueelse.''
982 3064 1030 3112 For
1039 3062 1143 3112 theidea
1158 3061 1364 3110 oi⁴monatrum’

165 3128 224 3176 used
250 3129 276 3176 in
301 3129 428 3190 indignant
455 3128 586 3190 questions.
631 3127 750 3189 Compare
782 3144 822 3177 see
840 3129 1000 3178 Herenni.
1021 3130 1058 3186 17,
1075 3128 1203 3185 titubare
1218 3142 1233 3175 a
1249 3127 1366 3188 tolerably

164 3193 196 3240 iv.
217 3196 241 3240 2.
264 3196 294 3240 6:
321 3194 424 3241 “Sicine
443 3207 482 3239 me
503 3197 576 3254 atque
593 3193 658 3240 iilam
678 3206 750 3255 opera
782 3194 938 3255 untiattering
959 3194 1053 3256 pictura
1074 3193 1095 3241 ia
1120 3193 1192 3254 given
1212 3191 1239 3239 oi
1258 3207 1274 3239 a
1300 3192 1365 3254 plain

165 3262 208 3304 tua
225 3272 290 3304 nuno
307 3258 405 3305 miseros
427 3255 574 3305 sollicitari.'’
608 3257 660 3304 ‘To
679 3256 749 3303 think
782 3273 885 3305 woman.

165 3321 219 3369 that
236 3336 283 3382 any
294 3337 340 3368 one
356 3321 442 3369 should
459 3321 490 3368 be
505 3321 751 3383 sounluckyinlove
817 3324 855 3378 17.
884 3324 951 3370 Num
978 3322 1039 3385 quid
1065 3335 1107 3381 eqo
1135 3335 1200 3368 naar
1227 3320 1309 3367 dicam
1336 3321 1366 3368 de

166 3399 194 3432 or
215 3399 242 3431 so
265 3386 378 3447 unhappy
402 3401 428 3433 aa
452 3386 464 3433 1
484 3386 540 3433 am!
578 3387 624 3433 See
645 3385 696 3433 also
718 3385 749 3432 iv.
779 3387 929 3448 potretat]
973 3386 1185 3447 Allmauuaeripta
1196 3383 1364 3433 have‘nuno'

166 3451 190 3497 3.
205 3451 234 3505 l;
251 3465 274 3495 v.
286 3453 309 3496 2.
322 3453 363 3498 29.
395 3450 443 3497 We
460 3450 537 3509 might
554 3464 665 3512 eompars
681 3465 750 3496 num·
783 3450 1082 3512 atter‘ego‚’whiehwas
1098 3449 1201 3512 rejected
1218 3448 1250 3512 by
1263 3449 1365 3511 Bentley

166 3512 256 3560 berleas
274 3527 433 3574 passagenos
450 3514 549 3561 “Mene
564 3515 749 3576 inoeptodeaia·
782 3515 884 3563 without
894 3515 967 3562 MSS.
978 3515 1108 3577 authority.
1143 3513 1365 3568 ‘Nune'ishow-

166 3582 218 3626 tere
229 3576 343 3634 victam,”
355 3577 421 3639 Virg.
435 3578 497 3625 Aen.
512 3578 529 3625 i.
546 3580 592 3635 41ς
610 3579 750 3626 “Huncine
782 3594 845 3637 ever,
867 3579 986 3641 evidently
1005 3580 1165 3641 superfluous,
1188 3579 1237 3625 and
1258 3577 1366 3640 desmya

167 3642 240 3690 solem
257 3641 318 3688 Tam
341 3641 436 3703 nigrum
452 3656 549 3689 surrexe
566 3642 661 3690 mihil”
688 3644 748 3691 Hor.
782 3644 918 3692 themetre.
952 3644 1065 3691 Withont
1080 3645 1101 3691 it
1112 3643 1155 3690 tha
1165 3643 1213 3689 iiue
1230 3642 1367 3690 benamasa

168 3707 218 3755 snt.
236 3707 252 3754 i.
270 3708 295 3754 9.
307 3707 347 3760 72.
381 3706 500 3768 Compare
516 3706 580 3755 Eun.
596 3708 621 3755 ii.
635 3709 700 3760 1.3;
718 3708 749 3755 iv.
782 3708 974 3770 ragnisriambio
989 3708 1098 3765 dimeter,
1110 3723 1157 3755 oue
1167 3707 1194 3754 oi
1203 3707 1245 3754 the
1254 3708 1366 3769 ordinary

167 3773 228 3820 M.
261 3770 436 3818 ‘Invennstus’
455 3771 513 3818 hers
534 3786 616 3819 means
639 3772 751 3820 ‘nublest
782 3774 856 3822 forms
867 3773 895 3820 oi
902 3773 1057 3821 thealauaula
1068 3773 1118 3836 (aee
1130 3772 1317 3833 introductioni.

168 3835 201 3899 by
225 3834 326 3892 Venus,'
355 3834 532 3899 ἀναφρόδιτος.
565 3836 618 3884 The
640 3837 750 3898 opposite
814 3840 854 3887 21.
875 3837 997 3900 Obstipui]
1023 3835 1366 3898 From⁸obstipeaoo,’auold

167 3915 251 3948 ooours
267 3901 293 3947 in
313 3900 408 3962 Hecyra
424 3916 446 3948 v.
465 3904 488 3948 4.
500 3902 529 3948 8:
548 3901 635 3953 “Quis
654 3915 693 3949 me
712 3905 749 3948 eat
780 3901 843 3949 form
861 3903 890 3949 of
905 3901 1077 3964 ‘obstupeaoo,’
1093 3916 1205 3950 oommou
1224 3901 1249 3948 in
1268 3901 1366 3949 Plautus

167 3964 327 4012 fortunatior?
344 3965 523 4028 venustatisque
540 3966 599 4012 adeo
616 3965 709 4027 plenior
719 3965 750 4012 ?''
783 3967 830 4014 aud
841 3967 955 4014 Terenoe.

167 4028 246 4076 'lhers
263 4044 318 4090 may
328 4028 359 4076 be
373 4044 439 4076 some
456 4030 557 4077 allusion
573 4034 600 4076 to
616 4030 658 4076 tha
669 4029 752 4077 Venus
817 4034 857 4079 22.
876 4032 969 4079 nartem
985 4030 1104 4092 ineptam]
1140 4029 1260 4091 ‘'l'h0ugh
1275 4030 1295 4077 it
1305 4043 1366 4078 wera

168 4092 197 4139 oi
214 4093 274 4140 dioe.
318 4093 363 4140 See
390 4094 537 4143 Macleane's
558 4099 615 4142 note
637 4109 669 4141 ou
690 4093 751 4141 Hor.
784 4094 1082 4158 eversoinappropriate!
1116 4094 1235 4156 Compare
1245 4095 1314 4143 utu.
1327 4096 1365 4151 14,

169 4156 249 4204 Carm-
261 4157 285 4203 ii.
298 4159 321 4213 7.
333 4160 373 4205 26.
785 4159 832 4207 and
843 4165 908 4208 uoto.

203 4222 241 4269 lo.
258 4221 362 4281 Aliquid
377 4224 480 4270 meretri
496 4221 578 4283 alant]
613 4221 751 4286 ‘lauspeot
816 4226 856 4280 27.
873 4223 1058 4286 Patriapador]
1071 4223 1242 4272 'lhaoommon
1249 4222 1366 4284 objectiva

168 4283 223 4330 that
232 4282 341 4344 theyare
358 4287 456 4347 nursing
466 4302 499 4348 up
516 4301 583 4333 sorus
598 4287 693 4347 regular
708 4288 750 4335 de·
783 4289 885 4350 genitive
906 4288 935 4336 of
953 4289 996 4336 the
1018 4288 1104 4337 Greek.
1133 4287 1245 4350 ‘Rogard
1266 4289 1304 4335 ior
1325 4301 1364 4348 my

169 4347 275 4408 sormity,
284 4348 330 4394 aud
338 4362 408 4395 mean
417 4355 442 4396 to
451 4351 521 4397 make
532 4365 547 4397 a
557 4350 650 4397 dernier
660 4357 750 4399 reaaort
782 4352 877 4400 father!
899 4353 1018 4415 Compare
1028 4352 1158 4416 Adelphii.
1176 4354 1198 4401 l.
1212 4354 1253 4402 32.
1272 4352 1367 4414 Hecyra

168 4411 198 4460 of
204 4425 253 4467 ma,
264 4424 319 4458 now
328 4411 383 4459 that
393 4412 450 4475 they
461 4428 505 4462 nan
521 4418 567 4476 put
577 4413 621 4462 her
630 4415 667 4463 off
682 4429 748 4479 upon
781 4417 815 4464 iii.
827 4418 851 4465 4.
862 4419 903 4466 84.
