2918 4854
680 312 897 378 ADELPHI.

274 486 388 572 Neque
402 485 497 562 iners,
515 484 575 549 alit
588 484 683 549 illas:
706 484 791 549 solus
806 507 934 549 omnem
948 483 1105 550 familiam

274 584 457 649 Sustentat:
480 584 568 647 hune
583 583 713 660 abduce,
729 582 837 660 vinci3
860 605 977 667 quaere
992 606 1069 647 rem.

277 682 330 747 Ge.
355 683 426 746 Imo
440 681 547 746 hercle
562 688 726 765 extorque,
742 680 807 743 nisi
820 680 868 744 ita
882 680 1003 744 factum
1018 689 1076 759 est,
1091 681 1222 747 Demea.

273 779 439 845 Postremo
453 802 519 844 non
534 779 687 864 negabit:
712 800 819 842 coram
833 778 940 862 ipsum
954 780 1040 843 cedo.

272 877 329 939 De.
353 877 477 941 Pudet:
500 899 560 941 neo
574 876 654 960 quid
668 898 764 961 agam
778 899 882 961 neque
896 876 976 960 quid
989 875 1065 941 huic
1080 878 1289 963 respondeam

273 973 353 1038 Scio.
398 973 459 1037 Pu.
477 973 631 1038 Miseram
645 995 706 1049 me,
723 971 853 1037 differor
867 972 1038 1053 doloribus.
1358 996 1391 1041 4ο

272 1070 359 1135 June
374 1070 508 1147 Lucina,
524 1070 699 1156 serapem:
723 1092 814 1134 serva
827 1092 889 1146 me,
905 1070 1042 1134 obsecro.
1087 1071 1149 1135 He.
1173 1071 1271 1137 Hem.

272 1168 437 1233 Numnam
451 1168 509 1232 illa
520 1190 636 1253 quaeso
650 1166 790 1253 parturit
802 1167 818 1231 Ρ
865 1166 918 1230 Ge.
943 1165 1037 1232 Certe
1051 1168 1169 1255 Hegio.
1214 1169 1278 1234 He.
1294 1171 1387 1236 Hem.

272 1265 372 1329 Illaec
387 1265 484 1329 fidem
498 1288 584 1328 nuno
598 1272 738 1329 vestram
752 1263 911 1348 implorat,
927 1263 1066 1330 Demea:

273 1363 367 1434 Quod
381 1386 437 1427 vos
452 1361 501 1426 vis
516 1361 613 1447 cogit,
628 1362 664 1425 id
676 1361 842 1426 voluntate
856 1361 1016 1446 impetret.

272 1461 362 1524 Haeo
376 1459 518 1545 primum
532 1465 570 1521 ut
584 1459 664 1522 fiant
678 1458 763 1523 Deos
777 1482 895 1543 quaeso
909 1466 946 1522 ut
960 1459 1050 1524 vobis
1064 1460 1173 1526 docet:
1357 1482 1387 1528 45

273 1557 331 1621 Sin
346 1557 441 1620 aliter
455 1556 581 1619 animus
595 1563 701 1621 vester
715 1564 771 1634 est,
788 1579 859 1641 ego,
875 1556 1005 1634 Demea,

271 1655 402 1718 Summa
416 1653 451 1716 vi
466 1652 636 1717 defendam
650 1653 734 1717 hano
750 1661 846 1738 atque
860 1654 954 1718 illum
967 1663 1139 1720 mortuum.

271 1752 357 1817 Mihi
372 1759 527 1837 cognatus
542 1759 611 1816 erat
624 1775 631 1815 :
655 1774 721 1816 una
735 1775 754 1816 a
768 1753 876 1838 pueris
889 1754 1033 1838 parvulis

271 1846 387 1911 Sumus
402 1845 528 1923 educti;
551 1868 616 1909 una
631 1868 756 1931 semper
770 1846 905 1911 militiae
920 1856 953 1911 et
967 1847 1055 1911 domi

270 1943 422 2020 Fuimus3
445 1950 668 2029 paupertatem
681 1967 747 2008 una
760 1944 951 2029 pertulimus
966 1968 1107 2030 gravem

271 2039 474 2125 Quapropter
488 2042 584 2118 nitar,
601 2041 727 2119 faciam,
743 2043 899 2127 experiar,
915 2043 1054 2129 denique

269 2137 424 2203 Animam
438 2138 619 2225 relinquam
632 2140 739 2226 potius
754 2162 852 2226 quam
865 2141 937 2206 illas
952 2141 1104 2206 deseram.

182 2358 281 2408 alteram
293 2365 386 2423 partem
394 2360 526 2409 succedunt
532 2359 599 2418 Ubii,
608 2375 711 2424 qnorum
722 2361 769 2410 luit
801 2362 849 2409 and
865 2361 925 2409 used
942 2359 1010 2417 ‘via’
1026 2377 1053 2409 as
1065 2361 1183 2410 Aristotle
1193 2364 1272 2411 would
1284 2363 1339 2424 βία,
1351 2365 1386 2412 ior

182 2425 265 2473 civitas
282 2425 363 2489 ampla
381 2431 455 2488 atque
473 2426 568 2482 florens,
585 2431 615 2474 at
630 2431 668 2473 est
684 2432 769 2488 captus
801 2441 849 2487 any
860 2426 918 2473 lriud
929 2426 958 2473 oi
966 2427 1073 2473 externat
1085 2428 1243 2489 compulsion.
1279 2429 1385 2478 ‘Volua

183 2489 366 2546 Germanorum,
391 2496 416 2538 et
438 2490 510 2552 paulo
534 2505 606 2551 quam
628 2495 686 2537 sunt
704 2491 769 2552 ejus·
801 2491 866 2537 tate’
879 2491 899 2538 is
911 2490 969 2537 used
982 2489 1013 2551 by
1026 2490 1131 2547 Plautus,
1142 2491 1214 2541 Miles
1226 2493 1351 2542 Gloriosus
1361 2495 1384 2541 ii.

181 2553 236 2602 dem
248 2553 664 2616 generiseteaterishumaniores.”
694 2555 768 2602 Bent-
802 2558 825 2601 o.
839 2557 882 2603 40:

182 2619 220 2680 lsy
240 2620 312 2666 alters
328 2619 370 2666 the
389 2619 437 2665 line
456 2623 482 2665 tn
503 2623 555 2665 “ut
573 2623 669 2680 captust
688 2633 767 2666 servo-
809 2646 825 2671 u
835 2667 899 2677 ,-
911 2641 965 2688 qmo
977 2641 999 2688 ,q
1010 2645 1083 2703 ,tque
1093 2641 1193 2688 invium
1203 2642 1229 2688 in
1245 2647 1300 2691 ,affl

149 2723 153 2731 .
181 2683 258 2730 lorum
268 2683 292 2740 ;''
310 2683 355 2730 but
365 2683 407 2729 the
418 2681 549 2729 conection
561 2682 581 2729 is
592 2689 635 2729 not
646 2683 767 2730 essential.
833 2704 1078 2753 Nffivolunmqbqg
1097 2705 1188 2766 „piam
1200 2659 1369 2758 wgdomsssnp

214 2749 254 2794 36.
275 2746 443 2807 Quaererem]
469 2745 601 2793 ‘Examina
612 2747 661 2794 him
674 2746 706 2807 by
717 2752 767 2793 tor·
1080 2739 1085 2760 '
1274 2798 1282 2808 ¹
1345 2747 1351 2769 '

181 2810 253 2857 ture!
287 2809 407 2871 ‘Ay,aud
423 2823 471 2871 you
487 2824 542 2871 may
553 2816 645 2857 tortura
658 2812 678 2858 it
689 2818 732 2858 ont
743 2811 771 2857 oi
799 2804 846 2851 und
858 2804 950 2860 Cioero.
964 2805 992 2851 ln
1006 2804 1384 2864 0.(ἶειθσί1ἰιιῐηΒίκνίιιιιιίωαθλζ

182 2874 375 2936 maiiyonlilre,
389 2873 690 2928 Demeaititisnotso!
715 2875 768 2921 The
801 2868 949 2928 “Cognosce
971 2884 1000 2915 ex
1018 2884 1064 2919 me.
1084 2872 1196 2931 quoniam
1217 2873 1263 2920 boc
1280 2876 1385 2936 primunr

174 2939 285 3000 practice
300 2953 348 2985 was
365 2951 476 2984 common
493 2936 520 2984 oi
534 2939 632 2999 putting
648 2939 724 2985 slaves
740 2943 767 2986 to
799 2938 895 2994 tempus
906 2933 1013 2980 discendi
1024 2941 1108 2981 namus
1120 2951 1153 2991 es,
1165 2951 1237 2998 quam
1247 2939 1324 2986 multa
1334 2954 1386 2987 ease

180 3002 224 3050 the
234 3007 333 3058 torture,
345 3001 504 3063 especiallyto
515 3001 585 3049 make
595 3002 662 3049 them
674 3002 767 3050 confess
799 3002 910 3059 oporteat
930 2999 956 3045 in
978 3013 1007 3046 eo
1029 3001 1071 3062 qui
1093 3000 1194 3047 alterum
1216 3009 1329 3061 accuset;
1356 3020 1384 3051 er

181 3067 224 3114 the
235 3072 322 3114 secrets
333 3066 361 3113 ol
369 3066 432 3113 their
443 3072 552 3113 masters.
799 3062 886 3125 quibus
903 3063 926 3109 si
945 3078 1020 3111 unum
1039 3064 1136 3125 aliquod
1154 3066 1178 3112 in
1196 3071 1221 3112 te
1237 3070 1384 3128 cognoveris,

214 3133 254 3178 38.
275 3132 361 3178 Corum
378 3133 457 3192 pssum
474 3131 544 3193 cedo]
573 3130 690 3178 ‘Isetms
706 3130 767 3178 have
798 3141 843 3188 ego
860 3127 909 3186 jam
928 3127 972 3174 tibi
990 3129 1041 3189 ipse
1059 3130 1122 3176 istuc
1141 3130 1205 3191 quod
1223 3133 1315 3192 expetis
1333 3149 1386 3180 mea

180 3194 315 3242 Aeschinus
336 3195 435 3242 himself
454 3195 512 3243 hers
529 3195 610 3243 before
631 3193 678 3242 us!
720 3195 767 3243 lior
798 3192 922 3239 voluntate
943 3193 1099 3240 concedam.”
1133 3194 1252 3256 Compare
1272 3197 1385 3245 Phormio

181 3259 270 3306 ‘cedo'
283 3275 322 3307 sea
333 3267 390 3306 note
400 3274 432 3306 ou
445 3259 534 3309 licant.
546 3261 579 3308 is.
591 3261 614 3308 8.
626 3264 650 3307 5.
799 3272 821 3303 r.
842 3257 865 3303 3.
885 3259 915 3303 2ε
938 3257 1000 3304 “Ut
1021 3273 1064 3304 sua
1080 3259 1202 3306 voluntate
1220 3260 1245 3306 id
1265 3262 1329 3322 quod
1349 3269 1385 3310 est

215 3327 253 3372 41.
270 3324 336 3372 June
350 3323 508 3384 Lucinases·
522 3324 603 3387 opem]
632 3325 699 3372 luno
716 3323 766 3371 Lu·
799 3321 1384 3386 iaciendumiaciat;”andtheanalogousphrase

180 3387 235 3436 cina
245 3403 293 3435 was
304 3389 346 3436 tha
356 3389 458 3450 goddess
469 3388 605 3450 commonly
616 3388 719 3436 invoked
734 3388 766 3451 by
798 3385 824 3432 iu
842 3385 931 3433 licant.
944 3402 965 3434 v.
977 3389 1001 3433 4.
1013 3391 1044 3434 2:
1065 3388 1175 3435 “Dictus
1191 3389 1254 3436 filius
1272 3397 1329 3438 tuus
1343 3398 1385 3438 tua

182 3453 277 3500 Roman
287 3468 380 3500 women
392 3454 417 3500 in
429 3454 566 3501 childbirth.
600 3452 766 3501 Onthissub·
798 3449 948 3509 voluntate.”
979 3451 1100 3498 Seencte.

178 3519 229 3580 Ject
240 3533 280 3565 see
290 3518 332 3566 the
343 3523 400 3564 note
411 3532 443 3563 on
453 3518 546 3565 Andria
555 3518 589 3565 iii.
604 3519 625 3566 l.
640 3520 677 3565 lt.
832 3518 871 3561 45.
889 3516 961 3562 Haec
967 3518 1077 3577 primum
1089 3521 1116 3563 at
1126 3517 1194 3576 fian!
1205 3519 1270 3565 Deos
1281 3521 1381 3582 qaasao]

215 3586 254 3631 44.
275 3582 345 3639 Quod
359 3597 399 3630 oca
413 3583 450 3629 oia
463 3584 536 3641 cepit,
548 3582 576 3629 id
585 3582 709 3629 voluntale
720 3583 766 3627 im·
800 3578 846 3625 For
857 3578 900 3625 tha
910 3581 1073 3627 construction
1087 3581 1115 3626 oi
1124 3587 1130 3607 ⁴
1139 3596 1227 3641 quaeso
1237 3617 1243 3629 .
1254 3617 1260 3630 .
1271 3617 1277 3630 .
1290 3583 1333 3630 ut’
1345 3600 1384 3632 see

176 3650 273 3710 petrei]
303 3647 378 3708 Many
389 3646 469 3707 copies
481 3646 541 3693 hasa
556 3650 563 3672 ⁴
569 3644 624 3706 jus'
640 3645 764 3702 ior‘vis3'
798 3650 856 3690 note
877 3658 909 3691 on
931 3644 1063 3692 Eunuchus
1085 3645 1118 3692 iii.
1140 3650 1164 3694 2.
1191 3648 1227 3694 13.
1272 3646 1320 3695 For
1342 3653 1384 3696 ‘ut

180 3712 225 3760 bnt
236 3711 357 3773 evidently
367 3711 503 3771 onlyasan
518 3711 680 3773 explanation.
713 3711 766 3758 'rue
799 3707 867 3754 robis
883 3708 965 3755 deoet'
984 3724 1057 3758 seer.
1072 3712 1095 3758 8.
1112 3714 1141 3757 h:
1160 3710 1239 3758 “Iano
1255 3712 1335 3760 hercle
1350 3715 1384 3761 ita

181 3776 247 3825 ‘vis’
264 3776 321 3824 here
332 3775 445 3823 intended
456 3776 477 3822 is
487 3775 529 3823 the
546 3775 597 3822 ‘vis
611 3773 709 3836 legum,’
725 3776 767 3822 the
798 3772 869 3819 nobis
878 3772 974 3820 decet.”
990 3773 1092 3821 ‘Decet'
1104 3775 1124 3820 is
1134 3774 1207 3822 found
1215 3777 1271 3823 with
1281 3792 1296 3823 s
1304 3777 1383 3825 dative

182 3842 269 3903 νόμων
280 3839 391 3904 ἀνάγκη.
415 3840 596 3888 Wssterhovius
607 3845 692 3902 quotes
703 3840 766 3888 from
799 3852 853 3884 case
874 3838 899 3884 in
924 3837 1029 3894 Plautus,
1048 3838 1142 3900 Captivi
1161 3840 1185 3886 ii.
1206 3842 1229 3887 2.
1250 3843 1297 3897 71:
1321 3843 1384 3891 “Ne

181 3906 329 3954 Menander:
580 3918 584 3923 ·
799 3902 868 3962 patri,
885 3903 981 3949 tametsi
997 3903 1083 3950 unicus
1099 3918 1161 3959 sum,
1179 3903 1263 3952 decere
1277 3907 1384 3954 videatur

221 3992 355 4056 -τρία
367 3992 420 4041 lori
433 3991 463 4042 δι’
475 3990 511 4041 ὧν
523 3993 629 4041 ἅπαντα
642 3993 767 4056 γίγνεται,
799 3966 901 4076 }n².3i⁸'n
935 3966 1139 4079 :implimli's
1158 3971 1181 4016 2·
1207 3972 1267 4018 ¹98²
1292 3972 1384 4047 “dmm

181 4059 198 4118 ἦ
221 4061 286 4107 κατὰ
308 4059 409 4119 νόμους,
427 4057 522 4136 ἡμεῖς
544 4056 679 4123 ἀνάγκαις,
700 4057 717 4117 ᾗ
739 4074 765 4121 γε
808 4046 934 4093 auuusqu
977 4038 1104 4079 turnsrmu
1151 4038 1383 4096 nostrogenennon

246 4124 335 4183 mim
346 4122 394 4171 ἔθει
406 4141 466 4182 mn,
799 4094 893 4143 decet”
927 4096 986 4143 This
1002 4099 1164 4144 construction
1180 4113 1234 4159 may
1246 4099 1307 4147 have
1323 4102 1384 4148 been

798 4175 830 4207 an
849 4160 968 4208 imitation
986 4160 1072 4208 nithe
1092 4162 1170 4209 Greek
1190 4162 1287 4223 πρέπει,
1306 4166 1382 4213 which

180 4228 257 4275 which
283 4229 304 4274 is
325 4241 341 4274 a
364 4228 431 4274 laxer
455 4231 585 4274 statement
612 4228 639 4275 ni
663 4226 766 4273 efficient
799 4224 867 4272 talres
886 4226 943 4286 only
958 4225 1001 4272 the
1018 4225 1104 4281 dative,
1121 4227 1202 4273 unless
1217 4243 1249 4275 an
1266 4229 1383 4278 infinitivo

180 4307 263 4339 musas
275 4292 332 4338 than
341 4291 383 4338 tha
391 4291 522 4339 celebrated
532 4307 652 4353 summary
661 4292 689 4338 os
696 4291 763 4337 Aris-
796 4290 883 4336 follow.

179 4357 248 4413 totle,
262 4356 382 4402 Rhetoric.
394 4356 410 4402 i.
425 4357 463 4404 lo.
481 4355 594 4411 Terence,
607 4355 725 4410 however,
736 4369 763 4401 as
829 4356 869 4402 49.
887 4353 998 4400 Militiae
1004 4358 1028 4402 et
1039 4355 1117 4417 domi]
1138 4355 1288 4406 Scenoteon
1298 4358 1383 4407 Eunu-

180 4420 234 4467 well
252 4434 279 4467 as
296 4419 439 4478 Menander,
457 4420 479 4468 is
500 4419 616 4481 speaking
634 4419 763 4482 generally,
794 4417 856 4466 chus
866 4417 898 4466 iv.
911 4420 935 4474 7.
945 4419 988 4466 th.
