2918 4854
166 310 230 375 420
658 303 881 369 PHORMIO.

186 444 190 453 '
253 478 338 543 sata
361 500 420 562 pro
445 475 590 561 imperio,
617 475 762 562 quisque
792 499 834 540 a.
887 473 952 538 Aa.
985 472 1078 538 eea.
1142 472 1199 537 ce.
1224 471 1305 559 Ipse
1335 480 1380 538 es

296 600 392 662 quem
406 574 494 639 volui
510 574 646 638 obviam.

253 674 317 737 Aa.
346 673 431 737 Cedo
457 673 536 758 quid
558 680 676 757 portas,
708 671 863 735 obsecro?
897 679 994 756 atque
1016 669 1060 747 id,
1090 667 1119 732 si
1146 675 1251 752 potes,
1283 668 1379 732 verbo

257 771 474 934 Geixi'iadiam.
520 868 584 932 An.
608 868 776 952 Eloquere.
826 867 880 931 Ge.
904 867 1001 931 Modo
1027 866 1113 951 apud
1134 863 1375 950 portum—Aa.

296 967 575 1031 Meumnei-Ge.
600 965 778 1029 Intellcxti.
824 966 889 1029 Aa.
914 963 1034 1029 Occidi.
1084 963 1138 1027 Ge.
1161 962 1261 1025 Hem
1344 979 1377 1025 20

252 1064 318 1128 a..
336 1064 423 1136 ons
437 1065 559 1149 agam?
603 1063 665 1126 rs.
691 1062 779 1135 ouis
794 1062 870 1128 nse
915 1036 1102 1147 oatnujus
1114 1067 1244 1146 petrem
1258 1059 1377 1125 nme

296 1148 665 1324 mc‚patrt1ttiti·tuum.3
688 1259 695 1274 ·
904 1260 911 1275 ⁸
1010 1258 1044 1274 ..
1195 1259 1203 1273 ι
1288 1258 1297 1273 ·

253 1259 318 1324 Aa.
344 1260 430 1325 Nom
455 1262 540 1347 quod
561 1285 621 1348 ego
663 1284 715 1324 uro
737 1282 824 1325 nunc
842 1262 948 1326 subito
967 1265 1066 1329 sntio
1082 1259 1264 1324 remedium
1285 1281 1376 1322 mve-

297 1359 386 1423 niam
400 1359 522 1423 miser?

255 1457 350 1530 Quod
373 1458 400 1521 si
424 1481 461 1522 eo
482 1480 571 1521 meae
593 1457 740 1522 fortunae
761 1456 908 1534 redeunt,
924 1455 1095 1533 Phanium,
1111 1442 1175 1539 (abs
1196 1463 1232 1519 te
1253 1462 1292 1520 ut
1312 1454 1375 1519 dis·

253 1555 623 1810 udisslisgsnmpsca
648 1628 845 1771 emanat.)
887 1651 941 1716 ce.
964 1651 1054 1737 argo
1078 1651 1177 1716 isaeo
1201 1674 1306 1737 quum
1329 1651 1376 1716 aa

254 1755 493 1955 Taiiilomagtisi
507 1771 545 1910 id
565 1846 743 1934 advigilare
766 1871 905 1934 aequum
926 1855 983 1913 est.
1027 1846 1142 1912 Fortes
1164 1846 1297 1912 fortuna
1318 1847 1374 1911 ad-

252 1950 416 2105 Aduiildn
431 2065 502 2106 sum
516 2043 602 2127 apud
616 2066 677 2107 me.
726 2043 779 2107 Ge.
804 2043 908 2129 Atqui
922 2066 1001 2128 opus
1015 2049 1064 2108 est
1077 2064 1164 2107 nunc
1180 1963 1376 2128 quummaaii

297 2139 361 2204 ime
375 2149 412 2204 ut
427 2141 479 2218 sis,
495 2139 661 2226 Antiph03

254 2237 341 2303 Nam
356 2240 383 2304 si
398 2240 532 2304 senserit
547 2247 579 2302 te
594 2238 744 2303 timidum
759 2246 850 2323 pater
865 2262 941 2316 esse,
958 2238 1167 2303 arbitrabitur

255 2335 486 2404 Commeruisse
510 2338 645 2423 culpem.
690 2337 753 2401 Pi.
777 2338 849 2402 Hoc
874 2360 988 2402 verum
1010 2345 1067 2402 est.
1111 2336 1176 2400 Aa.
1199 2335 1278 2401 Non
1300 2358 1375 2422 pos·

298 2460 369 2500 sum
384 2436 593 2501 immutarier.

262 2532 315 2596 Ge.
342 2535 428 2605 Quid
443 2535 571 2611 faceres,
588 2534 615 2599 si
631 2534 761 2619 gravius
776 2534 865 2597 aliud
880 2534 940 2598 tibi
954 2557 1040 2598 nunc
1055 2533 1238 2598 faciendum
1253 2531 1365 2596 foret?

254 2630 319 2694 Aa.
345 2631 453 2702 Quum
476 2633 535 2696 hoc
559 2655 624 2696 non
646 2655 783 2717 possum,
807 2632 888 2695 illud
910 2633 1017 2697 minus
1039 2646 1171 2718 possem.
1220 2630 1277 2694 Ge.
1300 2630 1376 2695 Hoc

298 2728 382 2791 nihil
397 2736 453 2804 est,
470 2729 648 2794 Phaedria:
672 2730 768 2795 ilicet.
910 2736 913 2740 ⁴
1004 2764 1013 2781 ι
1339 2747 1375 2794 30

204 2878 241 2923 la.
277 2875 345 2921 Satis
368 2890 415 2935 pro
443 2878 553 2936 imperio,
579 2880 687 2939 quiaquia
714 2879 750 2940 er]
786 2877 901 2940 quaeso,”
927 2879 966 2926 De
990 2877 1181 2926 sinthasius.
1215 2875 1375 2923 Commenta-

167 2938 754 3001 ‘Youspeakauthoritativelyenough,whoevcr
785 2951 836 2990 tors
855 2948 928 3005 quote
950 2959 964 2991 a
986 2958 1064 2990 ccrres
1096 2943 1170 3002 nding
1197 2941 1282 3001 saying
1309 2941 1374 2988 from

169 3003 280 3066 youare!
316 3004 536 3064 ‘Proimperio'is
548 3007 682 3066 commonly
695 3008 753 3054 used
787 3008 928 3065 Menander,
953 3008 1034 3070 τόλμῃ
1071 3011 1137 3071 incip
1160 3006 1201 3052 καὶ
1224 3006 1288 3062 θεὸς
1310 3007 1373 3052 συλ-

168 3067 409 3128 inLivytcexpress
417 3070 458 3116 the
466 3071 581 3116 assertion
591 3070 618 3116 oi
623 3071 752 3133 authority.
786 3072 922 3131 ianitrices,
947 3072 995 3118 and
1019 3072 1081 3118 from
1106 3070 1243 3132 Sophocles,
1267 3070 1298 3117 οὑ
1318 3072 1375 3126 τοῖς

169 3131 215 3178 See
234 3132 249 3177 i.
270 3133 316 3178 ol:
336 3138 351 3159 “
362 3133 394 3179 Et
412 3135 467 3195 quia
488 3149 532 3195 pro
554 3135 653 3196 imperio
673 3137 752 3196 palam
786 3135 893 3196 ἀθύμοις
906 3136 921 3194 ἡ
935 3138 1001 3197 scyri
1014 3134 1199 3198 συλλαμβάνει.

168 3193 270 3242 interfici
288 3212 337 3243 ηοη
357 3204 458 3260 poterat,
478 3199 559 3247 oblato
577 3200 636 3247 salso
655 3202 753 3247 crimine
818 3203 857 3246 26.
875 3202 933 3247 Noa
943 3216 996 3247 ram
1008 3201 1074 3261 apud
1085 3201 1134 3256 me]
1154 3199 1228 3246 ‘Iam
1237 3197 1318 3245 notin
1330 3213 1374 3260 my

167 3259 287 3307 insontem
312 3263 455 3324 oppressit.”
491 3264 514 3310 lt
537 3280 619 3311 wasa
641 3281 751 3312 common
785 3279 875 3311 senses.
910 3265 957 3312 Get
968 3265 1030 3322 well,
1041 3265 1092 3311 itis
1103 3264 1145 3311 tha
1156 3278 1222 3310 more
1236 3263 1373 3323 important

123 3366 128 3375 .
168 3326 281 3385 practica!
289 3326 511 3386 jolretocallaiter
522 3330 597 3377 slaves
609 3330 678 3376 when
695 3330 751 3391 they
785 3344 838 3375 now
857 3330 916 3377 than
931 3344 986 3376 ever
1003 3330 1025 3376 it
1041 3344 1089 3375 was
1103 3328 1157 3375 that
1171 3343 1219 3389 yon
1232 3326 1320 3373 should
1332 3327 1373 3384 be,

167 3404 229 3438 were
245 3391 317 3453 going
331 3408 363 3441 οη
380 3394 444 3440 their
459 3394 570 3451 errands3
587 3394 635 3441 and
646 3409 681 3441 we
698 3409 752 3454 may
785 3393 910 3455 Antipho!
944 3394 991 3440 For
1013 3398 1076 3441 ‘non
1096 3408 1148 3439 sum
1171 3391 1234 3453 apud
1256 3391 1312 3438 me'
1331 3406 1374 3439 see

167 3469 270 3518 suppose
287 3456 507 3519 thatasageneral
524 3459 575 3506 rule
591 3460 646 3519 they
658 3459 696 3504 did
709 3464 753 3505 not
785 3463 842 3505 note
859 3474 891 3505 on
911 3459 999 3506 Heaut.
1018 3474 1041 3504 v.
1059 3460 1080 3505 l.
1096 3460 1142 3512 483
1159 3456 1206 3503 and
1223 3455 1261 3502 t'or
1279 3459 1372 3518 ‘quum

166 3534 214 3581 pay
236 3522 307 3568 much
329 3524 448 3570 attention
470 3529 495 3570 to
517 3524 585 3570 these
606 3523 670 3570 calls.
706 3523 752 3569 For
784 3521 902 3569 maxime’
920 3538 959 3570 see
976 3527 1045 3570 notes
1061 3537 1093 3569 on
1108 3520 1199 3569 Andria
1210 3535 1233 3568 v.
1247 3521 1269 3567 l.
1282 3524 1306 3577 4,
1322 3521 1372 3568 and

168 3585 234 3646 ‘ipse
255 3590 291 3632 eat
317 3602 387 3648 quem
410 3588 474 3633 volui
501 3586 613 3634 obviam'
641 3602 752 3647 compare
787 3587 881 3648 Hecyra
892 3587 907 3634 i.
920 3591 942 3634 2.
955 3590 995 3636 40.

165 3649 258 3697 Andria
269 3650 302 3696 iii.
314 3654 338 3699 4.
354 3653 397 3699 il:
417 3656 432 3678 ‘⁶
443 3652 585 3712 Opportune
595 3651 635 3698 hic
650 3653 679 3697 tit
694 3652 752 3698 mihi
817 3655 857 3700 29.
879 3651 1054 3712 Qoidsoeerss,
1067 3652 1089 3698 ri
1102 3652 1201 3711 pronius
1219 3648 1301 3711 aliud]
1338 3648 1371 3697 In

166 3713 293 3771 obviam;'’
310 3715 358 3762 and
376 3716 414 3762 for
425 3715 512 3762 ‘cedo'
531 3717 556 3762 in
575 3715 615 3762 the
632 3716 753 3777 following
785 3731 851 3762 some
868 3717 946 3777 copies
965 3715 1007 3763 the
1025 3720 1077 3762 text
1093 3715 1176 3761 stands
1187 3719 1193 3741 ⁶
1203 3714 1224 3761 si
1234 3713 1300 3759 alind
1311 3713 1371 3774 qnid

165 3777 333 3825 linesoenote
343 3795 375 3826 on
389 3779 476 3826 Heaut.
489 3780 519 3826 iv.
532 3783 555 3828 8.
566 3783 589 3826 5.
784 3781 894 3840 gravius,’
924 3781 969 3827 but
997 3781 1106 3827 Donatus
1134 3779 1180 3826 had
1208 3785 1252 3825 not
1279 3777 1370 3839 ‘quid'

199 3845 238 3890 22.
256 3845 323 3889 Nam
345 3844 410 3905 quod
431 3844 485 3905 epo]
522 3844 569 3890 For
591 3844 639 3890 this
662 3859 704 3890 use
726 3845 754 3891 oi
784 3845 837 3891 The
851 3860 963 3892 common
977 3851 1029 3891 text
1046 3860 1104 3891 runs
1122 3845 1158 3891 ‘si
1175 3843 1238 3890 aliud
1255 3841 1369 3902 gravius,'

166 3910 237 3953 ‘nam
247 3907 254 3928 '
266 3908 433 3969 interrogative
450 3923 489 3955 see
506 3915 564 3956 nota
578 3924 610 3956 οη
622 3909 713 3955 Andria
723 3910 748 3956 ii.
783 3910 859 3956 which
879 3910 1030 3956 necessitates
1047 3923 1078 3955 an
1093 3910 1172 3955 hiatus
1183 3909 1208 3953 in
1219 3907 1261 3954 the
1279 3907 1370 3953 middle

163 3974 187 4018 2.
199 3975 239 4019 24.
782 3974 865 4021 nithe
884 3980 996 4020 sentence
1015 3979 1040 4020 at
1055 3973 1108 4019 ‘si'
1144 3973 1234 4018 lhase
1251 3971 1369 4018 ventured

196 4039 235 4083 25.
254 4038 341 4084 Fortes
352 4036 461 4096 fortuna
483 4038 594 4100 afferat]
614 4037 674 4084 This
692 4054 747 4099 pro·
781 4039 900 4085 therefore
921 4044 947 4085 to
968 4045 1094 4099 transpose
1118 4037 1159 4084 the
1182 4036 1266 4092 words,
1289 4036 1370 4082 which

163 4102 221 4147 verb
232 4102 252 4147 is
264 4101 353 4162 quoted
370 4101 401 4162 by
413 4103 497 4150 Cicero
515 4118 580 4150 more
596 4103 654 4150 than
672 4118 745 4150 once:
780 4103 863 4149 menda
891 4102 933 4150 the
960 4111 1037 4150 metra
1069 4102 1170 4148 without
1202 4116 1249 4161 any
1276 4101 1370 4147 violent

161 4169 179 4192 ⁴‘
191 4164 274 4212 Fortes
285 4167 348 4212 enim
361 4182 409 4212 ηοη
422 4167 492 4213 modo
503 4168 598 4214 fortuna
608 4168 747 4227 adjuvat‚ut
780 4167 878 4229 change.

161 4233 199 4275 cst
217 4229 241 4274 in
261 4236 340 4276 vetere
363 4232 495 4290 proverbio,
514 4234 555 4279 sed
575 4233 651 4278 multo
672 4233 746 4293 magis
812 4235 851 4279 30.
869 4232 953 4292 Ilicet]
990 4232 1035 4279 See
1065 4237 1122 4277 note
1144 4245 1175 4276 on
1196 4228 1330 4276 Eunuchus
1348 4229 1366 4276 i.

160 4293 231 4347 ratio,
243 4309 304 4354 quae
315 4295 457 4356 quibusdam
470 4298 537 4356 quasi
549 4298 681 4358 praeceptis
693 4312 750 4343 con·
785 4298 807 4344 1.
819 4301 843 4345 9.
878 4303 884 4323 ⁴
896 4296 951 4342 lloc
962 4297 1021 4342 nihil
1033 4295 1081 4342 est'
1093 4296 1114 4341 is
1129 4294 1215 4355 simply
1227 4293 1368 4354 equivalent

161 4357 242 4404 firmat
259 4359 307 4404 vim
327 4359 501 4416 fortitudinis,”
534 4360 632 4408 Tuscul.
651 4361 749 4422 Disput.
782 4366 808 4408 to
821 4361 980 4408 ‘conterimus
995 4375 1091 4422 operam
1109 4357 1208 4406 irustra’
1220 4358 1244 4403 in
1261 4357 1303 4405 the
1320 4357 1367 4405 tol-

161 4421 187 4468 ii.
200 4426 223 4469 4.
249 4423 321 4468 “Sed
340 4423 438 4470 fortuna
453 4423 542 4472 fortas:
560 4440 635 4488 quare
654 4441 748 4482 conare,
781 4423 1182 4487 lowingline‚thoughanabaurd
1194 4422 1368 4484 difficultyhas
