2918 4854
489 284 632 352 AOTUS
653 286 701 352 11.
746 287 891 356 SOENA
912 291 980 357 III.

218 450 270 517 Ne
284 475 336 518 me
349 452 385 517 in
399 452 555 519 laetitiam
570 457 689 522 frustra
704 458 862 546 conjicias.
909 461 964 544 Sy.
987 462 1079 529 Anus

219 548 395 617 Subtemen
408 555 523 619 nebat:
546 563 710 639 praeterea
724 580 790 621 una
804 559 956 625 ancillula
1009 592 1014 600 ·

218 648 299 713 Erat
310 674 317 728 ;
341 674 378 714 aa
392 653 521 717 texebat
535 676 609 729 una,
625 654 740 738 pannis
755 655 866 732 obsita,

218 744 252 809 N
253 747 385 832 eglecta,
401 749 567 813 immunda
581 750 701 815 illuvio.
750 751 821 816 out.
846 752 880 817 Si
894 754 973 819 haec
988 764 1072 834 sunt,
1089 756 1204 835 Clinia,

220 843 315 922 Vera,
331 847 378 910 ita
393 846 441 911 uti
456 849 559 925 credo,
576 850 648 934 qnia
661 858 695 913 te
709 858 757 913 est
771 850 989 919 fortunatior?
1301 877 1334 924 55

220 941 296 1006 Scin
310 951 347 1007 tu
361 944 445 1008 hanc
459 968 556 1029 quam
571 947 650 1010 dicit
664 947 859 1012 sordidatam
873 958 906 1012 et
921 950 1109 1017 sordidum?

219 1038 378 1125 Magnum
392 1042 453 1106 hoc
467 1066 593 1129 quoque
608 1045 738 1129 signum
752 1053 800 1109 est
814 1046 977 1111 dominam
992 1071 1058 1113 esse
1072 1057 1165 1114 extra
1179 1051 1318 1131 noxiam,

220 1136 329 1208 Quum
343 1141 411 1225 ejus
425 1149 493 1204 tam
507 1142 719 1227 negliguntur
734 1141 946 1209 internuntii:

218 1235 252 1299 N
252 1258 304 1299 am
318 1238 488 1322 disciplina
502 1247 550 1302 est
565 1240 683 1302 eisdem
697 1241 894 1305 munerarier

218 1330 363 1400 Ancillas
377 1336 519 1420 primum
533 1337 574 1400 ad
588 1336 732 1401 dominas
747 1339 803 1422 qui
818 1338 968 1403 affectant
981 1339 1076 1405 viam.

222 1430 300 1494 Olin.
325 1432 440 1518 Perge,
456 1435 585 1498 obsecro
599 1441 641 1510 te,
658 1443 690 1497 et
704 1457 780 1498 cave
795 1458 836 1498 ne
851 1436 963 1500 falsam
980 1439 1118 1523 gratiam

218 1526 352 1593 Studeas
366 1532 457 1595 inire.
504 1531 592 1603 Quid
605 1531 660 1608 ait,
677 1532 732 1595 ubi
746 1555 798 1596 mo
812 1534 984 1599 nominas?

219 1625 273 1706 Sy.
298 1627 364 1691 Ubi
379 1628 513 1693 dicimus
529 1629 646 1693 redisse
660 1644 702 1706 te,
719 1637 751 1693 et
765 1653 878 1723 rogaro
892 1633 941 1695 uti

217 1724 353 1789 Veniret
367 1726 408 1789 ad
422 1735 464 1802 te,
480 1727 597 1790 mulier
611 1726 708 1790 telam
723 1727 840 1792 deserit

219 1821 387 1900 Continuo
404 1832 437 1887 et
451 1824 591 1888 lacrimis
606 1824 763 1908 oppletos
778 1833 881 1890 totum
896 1827 967 1906 sibi,
982 1836 1020 1894 ut

217 1919 325 1984 Facile
340 1921 435 1985 scires
449 1922 605 1986 desiderio
619 1922 654 1985 id
669 1922 739 1985 fleri
752 1931 817 1987 tuo.

220 2017 298 2082 Olin.
323 2018 406 2083 Prae
420 2020 547 2106 gaudio,
564 2020 610 2082 ita
623 2042 675 2084 me
689 2019 734 2083 Di
749 2029 866 2097 ament,
882 2022 938 2086 ubi
953 2022 1014 2086 sim
1028 2023 1153 2088 nescio:

218 2115 272 2178 Ite
285 2116 388 2179 timui.
438 2117 508 2182 Olit.
533 2117 579 2181 At
593 2141 654 2203 ego
668 2118 752 2181 nihil
767 2142 833 2182 esse
847 2119 977 2195 scibam,
994 2119 1109 2184 Clinia.

216 2212 368 2298 Agedum
381 2215 531 2291 vicissim,
548 2213 636 2300 Syre,
653 2216 704 2279 dic
720 2239 800 2300 quae
815 2216 871 2279 illa
885 2223 933 2280 est
947 2216 1073 2281 altera?

217 2309 272 2391 Sy.
296 2311 495 2376 Adducimus
520 2320 610 2376 tuam
638 2312 841 2377 Bacchidem.
891 2313 961 2378 olis.
992 2314 1088 2391 Hem,
1105 2314 1211 2399 quid?
1247 2315 1329 2382 Bac-

259 2410 413 2474 chidem?
1295 2428 1330 2483 70
1420 2480 1428 2489 ,

216 2507 288 2571 Eho
303 2508 441 2585 sceleste,
458 2531 521 2595 quo
536 2508 627 2572 illam
650 2509 765 2573 ducis?
809 2509 870 2605 Sp..
890 2509 961 2582 Quo
983 2533 1044 2596 ego
1069 2510 1187 2575 illam?
1208 2511 1250 2575 ad
1272 2533 1330 2576 nos

220 2607 583 2789 Olyglllffit·patremne?
628 2703 682 2786 Sy.
706 2706 760 2769 Ad
785 2729 859 2769 cum
883 2705 998 2791 ipsum
1047 2694 1118 2772 out.
1143 2706 1170 2770 Ο
1191 2705 1330 2771 hominis

258 2801 477 2887 impudentem
491 2802 674 2866 audaciam!
722 2802 776 2883 Sy.
799 2803 890 2867 Heus
904 2813 950 2880 tu,

132 3034 154 3084 It
174 3037 269 3084 isused
288 3041 315 3083 to
334 3038 380 3084 aud
397 3053 413 3084 s
429 3037 529 3099 subject,
547 3041 617 3085 orto
633 3037 714 3098 enjoin
746 3034 855 3084 vestem!
889 3037 934 3085 See
956 3036 1017 3098 Livy
1034 3037 1065 3085 vi.
1089 3039 1128 3086 20.
1161 3037 1218 3086 And
1239 3053 1266 3087 so
1288 3039 1330 3088 the

131 3101 222 3148 silence.
245 3101 324 3149 There
335 3103 354 3149 is
366 3104 518 3163 snsmusing
529 3103 584 3164 play
595 3117 662 3162 upon
673 3102 714 3149 the
746 3101 811 3148 word
828 3103 854 3148 in
870 3101 918 3148 this
934 3117 1032 3164 passage
1049 3103 1122 3151 refers
1137 3107 1162 3150 to
1173 3103 1215 3150 the
1226 3103 1330 3166 descrip-

131 3166 192 3213 vcrd
203 3167 229 3213 iu
241 3166 348 3223 Plautus,
360 3167 515 3215 Trinummus
524 3169 555 3214 ir.
564 3171 587 3215 2.
600 3168 696 3222 95-07
707 3185 713 3213 z
747 3166 797 3213 tion
809 3166 836 3212 oi
844 3167 887 3213 her
898 3165 964 3213 dress
976 3167 1001 3212 in
1013 3181 1050 3213 vv.
1061 3168 1166 3222 ers-47.
1185 3167 1329 3216 ‘Sordidus’

132 3257 145 3279 ‘¹
157 3253 222 3306 Quid
243 3253 287 3300 tibi
306 3259 343 3301 est
362 3269 459 3312 nomen,
479 3255 637 3303 adulescens?
669 3256 711 3316 Sy.
744 3231 818 3305 ‘elif'
836 3230 916 3277 ”ther
934 3236 959 3277 ⁸⁰
976 3230 1018 3276 lh⁰
1033 3232 1142 3305 pel⁸⁰¹¹⁸l
1159 3232 1329 3308 ⁰⁸⁸².⁰fA¹¹ti'

193 3317 242 3365 Pu
263 3318 287 3365 id
299 3326 336 3365 at
347 3334 434 3366 nomen
446 3320 516 3366 mihi:
745 3295 818 3357 phile,
831 3294 873 3341 ber
884 3296 1042 3356 povertysnd
1054 3295 1160 3342 distress.
1194 3296 1286 3352 Cicero,
1298 3297 1329 3344 lu

160 3381 216 3430 1100
227 3352 424 3444 ausaausa.
451 3385 494 3432 ca.
506 3383 614 3446 sarepor
625 3397 712 3430 nomen
746 3359 855 3434 ¹'¹.⁸⁰¹¹⁰¹¹¹
868 3360 908 3414 ⁴1,
919 3359 987 3421 ⁹¹⁸ss
1001 3374 1067 3421 “⁹⁰¹¹
1080 3360 1122 3407 “¹⁰
1139 3361 1231 3408 '⁰¹⁶⁸‘
1253 3366 1268 3437 ‘.‘
1278 3361 1330 3409 ΜΕ

192 3449 360 3507 nugatorium:
745 3438 825 3471 murus
842 3423 948 3470 laetabor
959 3439 1034 3486 quum
1049 3431 1073 3471 te
1088 3440 1181 3487 semper
1199 3425 1328 3484 sordidum,

160 3511 711 3589 amineaeqesaairamaaau,
745 3488 1329 3616 ‘¹⁸¹3“irl'lltlltssmlllllslllffim'la

191 3590 291 3637 pem
301 3577 391 3624 111ιωύ
744 3568 973 3665 sentimentishere
987 3588 1221 3681 evideritlygeneral.
1256 3618 1329 3666 'Itis

129 3675 173 3724 See
184 3677 358 3727 Lindemann's
368 3683 434 3727 note.
744 3697 759 3728 s
776 3687 855 3743 pretty
867 3697 921 3728 sure
932 3683 984 3743 sign
1001 3682 1079 3730 theta
1090 3684 1196 3730 mistress
1207 3683 1227 3729 is
1239 3683 1328 3730 blame·

159 3744 200 3790 ⁶³.
213 3745 307 3792 Passis
316 3745 405 3806 obulo]
421 3745 465 3792 See
473 3748 531 3791 note
539 3759 571 3791 on
579 3744 711 3791 Eunuchus
744 3745 791 3793 less
803 3747 871 3794 when
883 3746 925 3793 her
937 3753 1044 3794 sementa
1058 3763 1098 3794 are
1114 3747 1171 3794 thus
1187 3745 1328 3807 neglector!

127 3805 152 3854 ii.
163 3808 188 3853 2.
200 3810 224 3854 t.
743 3810 800 3858 And
818 3816 859 3872 yet
877 3810 986 3872 Bentley,
1006 3811 1064 3857 with
1079 3810 1257 3870 extraordinsry
1275 3809 1328 3856 lova

159 3872 199 3918 56.
219 3872 278 3918 Scs'n
290 3876 317 3919 tu
330 3874 393 3920 tanc
405 3888 476 3935 quum
488 3873 549 3920 dicit
560 3872 711 3921 sordidatam
744 3874 782 3921 for
800 3875 842 3922 the
859 3875 943 3930 literel,
963 3876 1034 3921 alters
1051 3873 1093 3922 the
1108 3874 1157 3920 line
1173 3878 1198 3919 to
1219 3873 1328 3925 “Quum

126 3939 151 3982 et
168 3936 328 3998 sordidum]
358 3937 414 3985 ‘Do
433 3952 480 3998 you
502 3953 542 3985 see
564 3937 617 3984 bos
640 3937 710 3998 badly
744 3945 793 3986 tam
813 3939 940 4000 negligitur
962 3940 1013 3996 ejus
1034 3936 1209 3992 internuntia?
1231 3952 1263 3984 on
1286 3937 1328 3985 tho

126 3998 221 4047 olothed
233 4001 280 4047 and
292 4003 317 4048 in
329 4002 394 4049 what
405 4002 450 4049 bad
463 4017 515 4048 case
527 4002 575 4048 this
587 4017 678 4048 women
690 4002 711 4048 is
743 4003 835 4063 ground
855 4003 909 4050 that
929 4001 1054 4062 Antiphila
1072 4001 1119 4048 bed
1139 4001 1195 4062 only
1215 4016 1262 4048 one
1278 4016 1327 4049 ser·

125 4063 238 4113 olwbom
246 4066 276 4112 he
284 4067 371 4127 speaks
379 4067 397 4113 ?'
417 4066 587 4114 ‘Sordidatus’
599 4066 710 4127 properly
743 4068 814 4113 venti
850 4064 1048 4112 ‘internuntius'
1067 4066 1177 4126 properly
1195 4080 1278 4112 means
1296 4071 1328 4114 ‘a

125 4127 413 4192 refarstotbeclothing.
448 4131 554 4184 Plautus,
566 4132 675 4177 Asinaria
685 4131 709 4177 ii.
743 4129 910 4191 go-betweem’
929 4135 958 4175 ‘a
976 4128 1114 4176 oculidsut’
1149 4128 1281 4177 Eunuchus
1300 4131 1325 4178 ii.

124 4195 147 4239 4.
155 4195 199 4241 9⁰:
210 4195 374 4256 “Quanquam
383 4211 427 4256 ego
436 4211 487 4241 sum
496 4196 630 4242 sordidatus
640 4195 710 4254 Frugi
743 4198 765 4241 2.
779 4197 818 4242 bb.

123 4261 204 4305 umen
223 4259 304 4306 sum.''
341 4260 424 4307 Hence
441 4260 482 4305 the
501 4260 566 4306 word
583 4261 604 4305 is
615 4260 672 4306 used
685 4259 713 4305 ot
776 4257 828 4318 72]
849 4257 875 4304 u
889 4273 924 4304 we
935 4272 1073 4319 pronounce
1096 4257 1247 4305 ‘sudarium'
1267 4259 1328 4322 sully

124 4323 223 4372 meod
247 4339 349 4385 persons
369 4326 421 4371 sebo
441 4324 569 4385 purposely
589 4330 615 4370 to
632 4325 709 4370 excite
740 4324 790 4371 this
807 4324 855 4370 line
867 4322 914 4370 will
926 4323 956 4370 be
967 4338 981 4369 s
992 4323 1110 4383 complete
1128 4324 1233 4371 trocheis
1252 4328 1327 4374 teta-

123 4385 174 4448 pity
181 4389 300 4451 appeared
313 4389 339 4435 in
348 4389 454 4450 slovenly
466 4390 572 4437 dress—⁴
582 4388 710 4436 mutabant
741 4394 833 4436 meter:
851 4387 895 4435 but
906 4388 938 4451 by
947 4388 1112 4450 prononucing
1121 4393 1128 4415 ⁴
1136 4387 1280 4453 sudscysm'
1292 4404 1328 4437 sse
