<?xml version="1.0" encoding="UTF-8"?>
<!DOCTYPE html PUBLIC "-//W3C//DTD XHTML 1.0 Transitional//EN"
    "http://www.w3.org/TR/xhtml1/DTD/xhtml1-transitional.dtd">
<html xmlns="http://www.w3.org/1999/xhtml" xml:lang="en" lang="en">
 <head>
  <title>
</title>
<meta http-equiv="Content-Type" content="text/html;charset=utf-8" />
  <meta name='ocr-system' content='tesseract 3.04.00' />
  <meta name='ocr-capabilities' content='ocr_page ocr_carea ocr_par ocr_line ocrx_word'/>
</head>
<body>
  <div class='ocr_page' id='page_1' title='image "./comoediaesex00parrgoog_0395.png"; bbox 0 0 2918 4854; ppageno 0'>
   <div class='ocr_carea' id='block_1_1' title="bbox 620 277 837 345">
    <p class='ocr_par' dir='ltr' id='par_1_1' title="bbox 620 277 837 345">
     <span class='ocr_line' id='line_1_1' title="bbox 620 277 837 345; baseline 0 -3"><span class='ocrx_word' id='word_1_1' title='bbox 620 277 837 345; x_wconf 82' lang='lat' dir='ltr'>ADELPHI.</span> 
     </span>
    </p>
   </div>
   <div class='ocr_carea' id='block_1_2' title="bbox 200 446 1328 3176">
    <p class='ocr_par' dir='ltr' id='par_1_2' title="bbox 213 446 1326 537">
     <span class='ocr_line' id='line_1_2' title="bbox 213 446 1326 537; baseline -0.002 -20"><span class='ocrx_word' id='word_1_2' title='bbox 213 451 325 517; x_wconf 85' lang='lat' dir='ltr'>Novus</span> <span class='ocrx_word' id='word_1_3' title='bbox 340 449 474 516; x_wconf 78' lang='lat' dir='ltr'>marinas</span> <span class='ocrx_word' id='word_1_4' title='bbox 489 472 574 526; x_wconf 83' lang='lat' dir='ltr'>anno</span> <span class='ocrx_word' id='word_1_5' title='bbox 588 449 718 515; x_wconf 91' lang='lat' dir='ltr'>demum</span> <span class='ocrx_word' id='word_1_6' title='bbox 732 450 846 537; x_wconf 90' lang='lat' dir='ltr'>quinto</span> <span class='ocrx_word' id='word_1_7' title='bbox 861 455 895 514; x_wconf 88' lang='lat' dir='ltr'>et</span> <span class='ocrx_word' id='word_1_8' title='bbox 909 446 1109 536; x_wconf 85' lang='lat' dir='ltr'>sexagesimo</span> <span class='ocrx_word' id='word_1_9' title='bbox 1297 467 1326 515; x_wconf 80' lang='lat'>15</span> 
     </span>
    </p>

    <p class='ocr_par' dir='ltr' id='par_1_3' title="bbox 213 545 1326 712">
     <span class='ocr_line' id='line_1_3' title="bbox 213 545 1326 635; baseline -0.002 -21"><span class='ocrx_word' id='word_1_10' title='bbox 213 550 316 626; x_wconf 84' lang='lat' dir='ltr'><strong>Fiam,</strong></span> <span class='ocrx_word' id='word_1_11' title='bbox 339 557 435 635; x_wconf 85' lang='lat' dir='ltr'>atque</span> <span class='ocrx_word' id='word_1_12' title='bbox 460 572 558 613; x_wconf 88' lang='lat' dir='ltr'>anum</span> <span class='ocrx_word' id='word_1_13' title='bbox 582 549 779 635; x_wconf 87' lang='lat' dir='ltr'>decrepitam</span> <span class='ocrx_word' id='word_1_14' title='bbox 803 548 945 614; x_wconf 77' lang='lat' dir='ltr'>ducam?</span> <span class='ocrx_word' id='word_1_15' title='bbox 988 548 1073 614; x_wconf 89' lang='lat' dir='ltr'>Idne</span> <span class='ocrx_word' id='word_1_16' title='bbox 1094 545 1173 613; x_wconf 85' lang='lat' dir='ltr'>estis</span> <span class='ocrx_word' id='word_1_17' title='bbox 1193 555 1326 613; x_wconf 84' lang='lat' dir='ltr'>auctores</span> 
     </span>
     <span class='ocr_line' id='line_1_4' title="bbox 255 648 364 712; baseline -0.009 0"><span class='ocrx_word' id='word_1_18' title='bbox 255 648 364 712; x_wconf 80' lang='lat' dir='ltr'>mihi?</span> 
     </span>
    </p>

    <p class='ocr_par' dir='ltr' id='par_1_4' title="bbox 213 743 1325 930">
     <span class='ocr_line' id='line_1_5' title="bbox 213 743 1325 832; baseline -0.002 -19"><span class='ocrx_word' id='word_1_19' title='bbox 213 745 284 813; x_wconf 81' lang='lat' dir='ltr'>Aca.</span> <span class='ocrx_word' id='word_1_20' title='bbox 308 746 392 810; x_wconf 89' lang='lat' dir='ltr'>Fac:</span> <span class='ocrx_word' id='word_1_21' title='bbox 415 745 548 831; x_wconf 86' lang='lat' dir='ltr'>promisi</span> <span class='ocrx_word' id='word_1_22' title='bbox 562 768 622 832; x_wconf 91' lang='lat' dir='ltr'>ego</span> <span class='ocrx_word' id='word_1_23' title='bbox 637 745 712 811; x_wconf 89' lang='lat' dir='ltr'>illis.</span> <span class='ocrx_word' id='word_1_24' title='bbox 757 744 816 810; x_wconf 80' lang='lat' dir='ltr'>Mi.</span> <span class='ocrx_word' id='word_1_25' title='bbox 839 743 995 812; x_wconf 76' lang='lat' dir='ltr'>Promisti</span> <span class='ocrx_word' id='word_1_26' title='bbox 1009 746 1147 812; x_wconf 78' lang='lat' dir='ltr'>autem?</span> <span class='ocrx_word' id='word_1_27' title='bbox 1168 744 1210 810; x_wconf 91' lang='lat' dir='ltr'>de</span> <span class='ocrx_word' id='word_1_28' title='bbox 1225 752 1257 812; x_wconf 85' lang='lat' dir='ltr'>te</span> <span class='ocrx_word' id='word_1_29' title='bbox 1269 745 1325 811; x_wconf 90' lang='lat' dir='ltr'>lar·</span> 
     </span>
     <span class='ocr_line' id='line_1_6' title="bbox 256 844 457 930; baseline 0 -23"><span class='ocrx_word' id='word_1_30' title='bbox 256 844 351 930; x_wconf 89' lang='lat' dir='ltr'>gitor,</span> <span class='ocrx_word' id='word_1_31' title='bbox 367 866 457 928; x_wconf 88' lang='lat' dir='ltr'>puer.</span> 
     </span>
    </p>

    <p class='ocr_par' dir='ltr' id='par_1_5' title="bbox 212 940 1325 1106">
     <span class='ocr_line' id='line_1_7' title="bbox 212 940 1325 1029; baseline 0.001 -23"><span class='ocrx_word' id='word_1_32' title='bbox 212 944 268 1006; x_wconf 88' lang='lat' dir='ltr'>De.</span> <span class='ocrx_word' id='word_1_33' title='bbox 291 940 383 1028; x_wconf 85' lang='lat' dir='ltr'>Age;</span> <span class='ocrx_word' id='word_1_34' title='bbox 407 942 486 1028; x_wconf 91' lang='lat' dir='ltr'>quid</span> <span class='ocrx_word' id='word_1_35' title='bbox 509 941 536 1007; x_wconf 89' lang='lat' dir='ltr'>si</span> <span class='ocrx_word' id='word_1_36' title='bbox 560 940 639 1028; x_wconf 91' lang='lat' dir='ltr'>quid</span> <span class='ocrx_word' id='word_1_37' title='bbox 661 948 694 1007; x_wconf 92' lang='lat' dir='ltr'>te</span> <span class='ocrx_word' id='word_1_38' title='bbox 716 941 821 1029; x_wconf 86' lang='lat' dir='ltr'>majus</span> <span class='ocrx_word' id='word_1_39' title='bbox 839 941 933 1007; x_wconf 77' lang='lat' dir='ltr'>oret?</span> <span class='ocrx_word' id='word_1_40' title='bbox 976 941 1035 1006; x_wconf 81' lang='lat' dir='ltr'>Mi.</span> <span class='ocrx_word' id='word_1_41' title='bbox 1060 940 1161 1015; x_wconf 81' lang='lat' dir='ltr'>Quasi</span> <span class='ocrx_word' id='word_1_42' title='bbox 1183 964 1251 1008; x_wconf 91' lang='lat' dir='ltr'>non</span> <span class='ocrx_word' id='word_1_43' title='bbox 1272 943 1325 1007; x_wconf 89' lang='lat' dir='ltr'>hoc</span> 
     </span>
     <span class='ocr_line' id='line_1_8' title="bbox 256 1040 500 1106; baseline -0.004 -1"><span class='ocrx_word' id='word_1_44' title='bbox 256 1041 298 1106; x_wconf 86' lang='lat' dir='ltr'>sit</span> <span class='ocrx_word' id='word_1_45' title='bbox 312 1040 500 1105; x_wconf 82' lang='lat' dir='ltr'>maximum.</span> 
     </span>
    </p>

    <p class='ocr_par' dir='ltr' id='par_1_6' title="bbox 212 1135 1324 1302">
     <span class='ocr_line' id='line_1_9' title="bbox 212 1135 1324 1224; baseline -0.003 -21"><span class='ocrx_word' id='word_1_46' title='bbox 212 1140 269 1204; x_wconf 84' lang='lat' dir='ltr'>De.</span> <span class='ocrx_word' id='word_1_47' title='bbox 293 1139 344 1204; x_wconf 85' lang='lat' dir='ltr'>Da</span> <span class='ocrx_word' id='word_1_48' title='bbox 359 1139 496 1204; x_wconf 84' lang='lat' dir='ltr'>veniam.</span> <span class='ocrx_word' id='word_1_49' title='bbox 541 1137 614 1202; x_wconf 81' lang='lat' dir='ltr'>Aes.</span> <span class='ocrx_word' id='word_1_50' title='bbox 637 1136 689 1202; x_wconf 87' lang='lat' dir='ltr'>Ne</span> <span class='ocrx_word' id='word_1_51' title='bbox 712 1159 855 1224; x_wconf 82' lang='lat' dir='ltr'>gravere.</span> <span class='ocrx_word' id='word_1_52' title='bbox 900 1137 959 1203; x_wconf 85' lang='lat' dir='ltr'>Dc.</span> <span class='ocrx_word' id='word_1_53' title='bbox 982 1135 1049 1203; x_wconf 85' lang='lat' dir='ltr'>Fac</span> <span class='ocrx_word' id='word_1_54' title='bbox 1063 1137 1227 1224; x_wconf 87' lang='lat' dir='ltr'>promitte.</span> <span class='ocrx_word' id='word_1_55' title='bbox 1271 1138 1324 1202; x_wconf 81' lang='lat' dir='ltr'>Mi.</span> 
     </span>
     <span class='ocr_line' id='line_1_10' title="bbox 255 1237 495 1302; baseline -0.008 0"><span class='ocrx_word' id='word_1_56' title='bbox 255 1237 331 1302; x_wconf 90' lang='lat' dir='ltr'>Non</span> <span class='ocrx_word' id='word_1_57' title='bbox 346 1237 495 1302; x_wconf 74' lang='lat' dir='ltr'>omittis?</span> 
     </span>
    </p>

    <p class='ocr_par' dir='ltr' id='par_1_7' title="bbox 212 1331 1326 1518">
     <span class='ocr_line' id='line_1_11' title="bbox 212 1331 1324 1423; baseline -0.003 -24"><span class='ocrx_word' id='word_1_58' title='bbox 212 1336 286 1399; x_wconf 76' lang='lat' dir='ltr'>Aea.</span> <span class='ocrx_word' id='word_1_59' title='bbox 310 1334 395 1412; x_wconf 90' lang='lat' dir='ltr'>Non,</span> <span class='ocrx_word' id='word_1_60' title='bbox 422 1333 486 1399; x_wconf 85' lang='lat' dir='ltr'>nisi</span> <span class='ocrx_word' id='word_1_61' title='bbox 512 1341 544 1423; x_wconf 82' lang='lat' dir='ltr'>te</span> <span class='ocrx_word' id='word_1_62' title='bbox 569 1355 707 1397; x_wconf 84' lang='lat' dir='ltr'>exorem.</span> <span class='ocrx_word' id='word_1_63' title='bbox 753 1331 812 1398; x_wconf 71' lang='lat' dir='ltr'>Mt</span> <span class='ocrx_word' id='word_1_64' title='bbox 836 1332 897 1398; x_wconf 88' lang='lat' dir='ltr'>Vis</span> <span class='ocrx_word' id='word_1_65' title='bbox 917 1339 965 1398; x_wconf 89' lang='lat' dir='ltr'>est</span> <span class='ocrx_word' id='word_1_66' title='bbox 982 1333 1062 1399; x_wconf 86' lang='lat' dir='ltr'>haec</span> <span class='ocrx_word' id='word_1_67' title='bbox 1087 1333 1230 1420; x_wconf 86' lang='lat' dir='ltr'>quidem</span> <span class='ocrx_word' id='word_1_68' title='bbox 1273 1334 1324 1398; x_wconf 84' lang='lat' dir='ltr'>De.</span> 
     </span>
     <span class='ocr_line' id='line_1_12' title="bbox 255 1430 1326 1518; baseline -0.003 -22"><span class='ocrx_word' id='word_1_69' title='bbox 255 1434 329 1518; x_wconf 86' lang='lat' dir='ltr'>Age</span> <span class='ocrx_word' id='word_1_70' title='bbox 343 1432 477 1517; x_wconf 84' lang='lat' dir='ltr'>prolixe,</span> <span class='ocrx_word' id='word_1_71' title='bbox 494 1430 603 1496; x_wconf 87' lang='lat' dir='ltr'>Micio.</span> <span class='ocrx_word' id='word_1_72' title='bbox 1295 1451 1326 1496; x_wconf 79' lang='lat' dir='ltr'>ao</span> 
     </span>
    </p>

    <p class='ocr_par' dir='ltr' id='par_1_8' title="bbox 212 1527 1327 1693">
     <span class='ocr_line' id='line_1_13' title="bbox 212 1527 1327 1618; baseline 0 -23"><span class='ocrx_word' id='word_1_73' title='bbox 212 1531 270 1595; x_wconf 82' lang='lat' dir='ltr'>Mi.</span> <span class='ocrx_word' id='word_1_74' title='bbox 287 1530 359 1593; x_wconf 73' lang='lat' dir='ltr'>Etsi</span> <span class='ocrx_word' id='word_1_75' title='bbox 374 1530 434 1593; x_wconf 93' lang='lat' dir='ltr'>hoc</span> <span class='ocrx_word' id='word_1_76' title='bbox 448 1529 530 1593; x_wconf 92' lang='lat' dir='ltr'>mihi</span> <span class='ocrx_word' id='word_1_77' title='bbox 543 1551 689 1614; x_wconf 87' lang='lat' dir='ltr'>pravum,</span> <span class='ocrx_word' id='word_1_78' title='bbox 706 1527 862 1613; x_wconf 90' lang='lat' dir='ltr'>ineptum,</span> <span class='ocrx_word' id='word_1_79' title='bbox 879 1529 1062 1608; x_wconf 86' lang='lat' dir='ltr'>absurdum,</span> <span class='ocrx_word' id='word_1_80' title='bbox 1078 1537 1176 1618; x_wconf 82' lang='lat' dir='ltr'>atque</span> <span class='ocrx_word' id='word_1_81' title='bbox 1190 1530 1327 1597; x_wconf 87' lang='lat' dir='ltr'>alienum</span> 
     </span>
     <span class='ocr_line' id='line_1_14' title="bbox 256 1627 443 1693; baseline -0.011 0"><span class='ocrx_word' id='word_1_82' title='bbox 256 1627 357 1693; x_wconf 86' lang='lat' dir='ltr'>avita</span> <span class='ocrx_word' id='word_1_83' title='bbox 371 1649 443 1691; x_wconf 90' lang='lat' dir='ltr'>mea</span> 
     </span>
    </p>

    <p class='ocr_par' dir='ltr' id='par_1_9' title="bbox 211 1723 1307 1810">
     <span class='ocr_line' id='line_1_15' title="bbox 211 1723 1307 1810; baseline 0.002 -21"><span class='ocrx_word' id='word_1_84' title='bbox 211 1726 358 1801; x_wconf 90' lang='lat' dir='ltr'>Videtur,</span> <span class='ocrx_word' id='word_1_85' title='bbox 382 1723 410 1788; x_wconf 88' lang='lat' dir='ltr'>ei</span> <span class='ocrx_word' id='word_1_86' title='bbox 424 1747 480 1789; x_wconf 79' lang='lat' dir='ltr'>vos</span> <span class='ocrx_word' id='word_1_87' title='bbox 494 1731 660 1810; x_wconf 76' lang='lat' dir='ltr'>tantopere</span> <span class='ocrx_word' id='word_1_88' title='bbox 674 1723 757 1790; x_wconf 88' lang='lat' dir='ltr'>istuc</span> <span class='ocrx_word' id='word_1_89' title='bbox 771 1723 880 1802; x_wconf 85' lang='lat' dir='ltr'>vultis,</span> <span class='ocrx_word' id='word_1_90' title='bbox 896 1724 963 1790; x_wconf 87' lang='lat' dir='ltr'>fiat.</span> <span class='ocrx_word' id='word_1_91' title='bbox 1008 1725 1094 1790; x_wconf 64' lang='lat' dir='ltr'>Aes:</span> <span class='ocrx_word' id='word_1_92' title='bbox 1105 1724 1197 1791; x_wconf 91' lang='lat' dir='ltr'>Bene</span> <span class='ocrx_word' id='word_1_93' title='bbox 1211 1725 1307 1791; x_wconf 81' lang='lat' dir='ltr'>facis:</span> 
     </span>
    </p>

    <p class='ocr_par' dir='ltr' id='par_1_10' title="bbox 210 1822 1324 2007">
     <span class='ocr_line' id='line_1_16' title="bbox 210 1822 1324 1913; baseline 0.002 -25"><span class='ocrx_word' id='word_1_94' title='bbox 210 1825 267 1888; x_wconf 89' lang='lat' dir='ltr'>De.</span> <span class='ocrx_word' id='word_1_95' title='bbox 291 1822 409 1887; x_wconf 84' lang='lat' dir='ltr'>Merito</span> <span class='ocrx_word' id='word_1_96' title='bbox 435 1831 467 1887; x_wconf 88' lang='lat' dir='ltr'>te</span> <span class='ocrx_word' id='word_1_97' title='bbox 493 1846 573 1887; x_wconf 85' lang='lat' dir='ltr'>amc.</span> <span class='ocrx_word' id='word_1_98' title='bbox 619 1822 843 1887; x_wconf 82' lang='lat' dir='ltr'>Verum—Mi.</span> <span class='ocrx_word' id='word_1_99' title='bbox 869 1822 983 1896; x_wconf 77' lang='lat' dir='ltr'>Quid?</span> <span class='ocrx_word' id='word_1_100' title='bbox 1034 1823 1092 1889; x_wconf 83' lang='lat' dir='ltr'>De.</span> <span class='ocrx_word' id='word_1_101' title='bbox 1116 1823 1189 1913; x_wconf 85' lang='lat' dir='ltr'>Ego</span> <span class='ocrx_word' id='word_1_102' title='bbox 1215 1825 1324 1902; x_wconf 83' lang='lat' dir='ltr'>dicem,</span> 
     </span>
     <span class='ocr_line' id='line_1_17' title="bbox 253 1919 677 2007; baseline -0.007 -21"><span class='ocrx_word' id='word_1_103' title='bbox 253 1921 314 1986; x_wconf 90' lang='lat' dir='ltr'>hoe</span> <span class='ocrx_word' id='word_1_104' title='bbox 329 1943 429 2006; x_wconf 92' lang='lat' dir='ltr'>quum</span> <span class='ocrx_word' id='word_1_105' title='bbox 443 1919 481 1985; x_wconf 90' lang='lat' dir='ltr'>fit</span> <span class='ocrx_word' id='word_1_106' title='bbox 496 1920 581 2007; x_wconf 90' lang='lat' dir='ltr'>quod</span> <span class='ocrx_word' id='word_1_107' title='bbox 595 1920 677 1985; x_wconf 88' lang='lat' dir='ltr'>volo.</span> 
     </span>
    </p>

    <p class='ocr_par' dir='ltr' id='par_1_11' title="bbox 210 2018 1325 2196">
     <span class='ocr_line' id='line_1_18' title="bbox 210 2018 1325 2106; baseline 0 -21"><span class='ocrx_word' id='word_1_108' title='bbox 210 2020 269 2085; x_wconf 76' lang='lat' dir='ltr'>Mi.</span> <span class='ocrx_word' id='word_1_109' title='bbox 296 2019 383 2092; x_wconf 81' lang='lat' dir='ltr'>Quid</span> <span class='ocrx_word' id='word_1_110' title='bbox 401 2042 489 2084; x_wconf 92' lang='lat' dir='ltr'>nuno</span> <span class='ocrx_word' id='word_1_111' title='bbox 510 2019 596 2105; x_wconf 90' lang='lat' dir='ltr'>quod</span> <span class='ocrx_word' id='word_1_112' title='bbox 615 2019 740 2084; x_wconf 78' lang='lat' dir='ltr'>restat?</span> <span class='ocrx_word' id='word_1_113' title='bbox 785 2018 893 2105; x_wconf 84' lang='lat' dir='ltr'>Hegio</span> <span class='ocrx_word' id='word_1_114' title='bbox 912 2018 965 2084; x_wconf 90' lang='lat' dir='ltr'>his</span> <span class='ocrx_word' id='word_1_115' title='bbox 979 2025 1027 2085; x_wconf 89' lang='lat' dir='ltr'>est</span> <span class='ocrx_word' id='word_1_116' title='bbox 1042 2025 1199 2105; x_wconf 78' lang='lat' dir='ltr'>cognatur</span> <span class='ocrx_word' id='word_1_117' title='bbox 1220 2019 1325 2106; x_wconf 85' lang='lat' dir='ltr'>proxi·</span> 
     </span>
     <span class='ocr_line' id='line_1_19' title="bbox 253 2142 335 2196; baseline 0 -13"><span class='ocrx_word' id='word_1_118' title='bbox 253 2142 335 2196; x_wconf 86' lang='lat' dir='ltr'>mus,</span> 
     </span>
    </p>

    <p class='ocr_par' dir='ltr' id='par_1_12' title="bbox 210 2214 1326 2302">
     <span class='ocr_line' id='line_1_20' title="bbox 210 2214 1326 2302; baseline -0.002 -19"><span class='ocrx_word' id='word_1_119' title='bbox 210 2217 327 2283; x_wconf 85' lang='lat' dir='ltr'>Affinis</span> <span class='ocrx_word' id='word_1_120' title='bbox 341 2215 443 2294; x_wconf 87' lang='lat' dir='ltr'>nobis,</span> <span class='ocrx_word' id='word_1_121' title='bbox 459 2238 598 2302; x_wconf 85' lang='lat' dir='ltr'>pauper:</span> <span class='ocrx_word' id='word_1_122' title='bbox 620 2216 702 2279; x_wconf 88' lang='lat' dir='ltr'>bene</span> <span class='ocrx_word' id='word_1_123' title='bbox 716 2237 775 2279; x_wconf 88' lang='lat' dir='ltr'>nos</span> <span class='ocrx_word' id='word_1_124' title='bbox 790 2214 913 2300; x_wconf 87' lang='lat' dir='ltr'>aliquid</span> <span class='ocrx_word' id='word_1_125' title='bbox 928 2214 1032 2279; x_wconf 85' lang='lat' dir='ltr'>facere</span> <span class='ocrx_word' id='word_1_126' title='bbox 1047 2214 1097 2279; x_wconf 92' lang='lat' dir='ltr'>illi</span> <span class='ocrx_word' id='word_1_127' title='bbox 1111 2215 1213 2281; x_wconf 87' lang='lat' dir='ltr'>decet.</span> <span class='ocrx_word' id='word_1_128' title='bbox 1294 2234 1326 2281; x_wconf 74' lang='lat'>25</span> 
     </span>
    </p>

    <p class='ocr_par' dir='ltr' id='par_1_13' title="bbox 209 2312 1328 2478">
     <span class='ocr_line' id='line_1_21' title="bbox 209 2312 1328 2402; baseline 0.001 -23"><span class='ocrx_word' id='word_1_129' title='bbox 209 2316 268 2381; x_wconf 83' lang='lat' dir='ltr'>Mi.</span> <span class='ocrx_word' id='word_1_130' title='bbox 293 2315 380 2388; x_wconf 77' lang='lat' dir='ltr'>Quid</span> <span class='ocrx_word' id='word_1_131' title='bbox 394 2315 525 2379; x_wconf 80' lang='lat' dir='ltr'>facere?</span> <span class='ocrx_word' id='word_1_132' title='bbox 568 2315 624 2378; x_wconf 87' lang='lat' dir='ltr'>De.</span> <span class='ocrx_word' id='word_1_133' title='bbox 648 2312 760 2398; x_wconf 78' lang='lat' dir='ltr'>Agelli</span> <span class='ocrx_word' id='word_1_134' title='bbox 778 2320 826 2377; x_wconf 86' lang='lat' dir='ltr'>est</span> <span class='ocrx_word' id='word_1_135' title='bbox 847 2312 901 2376; x_wconf 88' lang='lat' dir='ltr'>hic</span> <span class='ocrx_word' id='word_1_136' title='bbox 916 2314 976 2377; x_wconf 89' lang='lat' dir='ltr'>sub</span> <span class='ocrx_word' id='word_1_137' title='bbox 990 2314 1069 2377; x_wconf 89' lang='lat' dir='ltr'>urbe</span> <span class='ocrx_word' id='word_1_138' title='bbox 1083 2313 1228 2399; x_wconf 89' lang='lat' dir='ltr'>paulum,</span> <span class='ocrx_word' id='word_1_139' title='bbox 1245 2316 1328 2402; x_wconf 92' lang='lat' dir='ltr'>quod</span> 
     </span>
     <span class='ocr_line' id='line_1_22' title="bbox 253 2412 485 2478; baseline 0.004 -2"><span class='ocrx_word' id='word_1_140' title='bbox 253 2413 364 2478; x_wconf 85' lang='lat' dir='ltr'>locitas</span> <span class='ocrx_word' id='word_1_141' title='bbox 380 2412 485 2477; x_wconf 88' lang='lat' dir='ltr'>foras:</span> 
     </span>
    </p>

    <p class='ocr_par' dir='ltr' id='par_1_14' title="bbox 209 2507 1327 2685">
     <span class='ocr_line' id='line_1_23' title="bbox 209 2507 1327 2595; baseline -0.002 -17"><span class='ocrx_word' id='word_1_142' title='bbox 209 2512 297 2578; x_wconf 88' lang='lat' dir='ltr'>Huic</span> <span class='ocrx_word' id='word_1_143' title='bbox 323 2512 433 2575; x_wconf 81' lang='lat' dir='ltr'>demus</span> <span class='ocrx_word' id='word_1_144' title='bbox 457 2510 513 2595; x_wconf 93' lang='lat' dir='ltr'>qui</span> <span class='ocrx_word' id='word_1_145' title='bbox 538 2509 672 2574; x_wconf 77' lang='lat' dir='ltr'>furatur.</span> <span class='ocrx_word' id='word_1_146' title='bbox 726 2509 785 2572; x_wconf 82' lang='lat' dir='ltr'>Mi.</span> <span class='ocrx_word' id='word_1_147' title='bbox 810 2507 949 2574; x_wconf 87' lang='lat' dir='ltr'>Paulum</span> <span class='ocrx_word' id='word_1_148' title='bbox 974 2508 1009 2573; x_wconf 95' lang='lat' dir='ltr'>id</span> <span class='ocrx_word' id='word_1_149' title='bbox 1032 2510 1170 2575; x_wconf 76' lang='lat' dir='ltr'>autem?</span> <span class='ocrx_word' id='word_1_150' title='bbox 1213 2511 1270 2575; x_wconf 82' lang='lat' dir='ltr'>De.</span> <span class='ocrx_word' id='word_1_151' title='bbox 1293 2509 1327 2576; x_wconf 81' lang='lat' dir='ltr'>si</span> 
     </span>
     <span class='ocr_line' id='line_1_24' title="bbox 251 2610 589 2685; baseline -0.009 -12"><span class='ocrx_word' id='word_1_152' title='bbox 251 2610 391 2673; x_wconf 81' lang='lat' dir='ltr'>mrdtum</span> <span class='ocrx_word' id='word_1_153' title='bbox 406 2616 462 2685; x_wconf 89' lang='lat' dir='ltr'>est,</span> <span class='ocrx_word' id='word_1_154' title='bbox 480 2615 589 2673; x_wconf 87' lang='lat' dir='ltr'>tamen</span> 
     </span>
    </p>

    <p class='ocr_par' dir='ltr' id='par_1_15' title="bbox 210 2705 1325 2866">
     <span class='ocr_line' id='line_1_25' title="bbox 210 2705 1325 2791; baseline 0 -20"><span class='ocrx_word' id='word_1_155' title='bbox 210 2707 407 2771; x_wconf 83' lang='lat' dir='ltr'>Faciendum</span> <span class='ocrx_word' id='word_1_156' title='bbox 433 2713 501 2770; x_wconf 87' lang='lat' dir='ltr'>est:</span> <span class='ocrx_word' id='word_1_157' title='bbox 524 2729 581 2791; x_wconf 88' lang='lat' dir='ltr'>pro</span> <span class='ocrx_word' id='word_1_158' title='bbox 605 2712 696 2790; x_wconf 86' lang='lat' dir='ltr'>patre</span> <span class='ocrx_word' id='word_1_159' title='bbox 722 2705 798 2769; x_wconf 91' lang='lat' dir='ltr'>huic</span> <span class='ocrx_word' id='word_1_160' title='bbox 821 2712 890 2784; x_wconf 80' lang='lat' dir='ltr'>eet3</span> <span class='ocrx_word' id='word_1_161' title='bbox 913 2705 1015 2770; x_wconf 86' lang='lat' dir='ltr'>bonus</span> <span class='ocrx_word' id='word_1_162' title='bbox 1037 2712 1105 2784; x_wconf 87' lang='lat' dir='ltr'>est;</span> <span class='ocrx_word' id='word_1_163' title='bbox 1127 2713 1237 2771; x_wconf 84' lang='lat' dir='ltr'>noster</span> <span class='ocrx_word' id='word_1_164' title='bbox 1258 2714 1325 2785; x_wconf 89' lang='lat' dir='ltr'>est;</span> 
     </span>
     <span class='ocr_line' id='line_1_26' title="bbox 252 2803 456 2866; baseline 0 0"><span class='ocrx_word' id='word_1_165' title='bbox 252 2810 337 2866; x_wconf 90' lang='lat' dir='ltr'>recte</span> <span class='ocrx_word' id='word_1_166' title='bbox 352 2803 456 2866; x_wconf 87' lang='lat' dir='ltr'>datur.</span> 
     </span>
    </p>

    <p class='ocr_par' dir='ltr' id='par_1_16' title="bbox 209 2901 1229 2988">
     <span class='ocr_line' id='line_1_27' title="bbox 209 2901 1229 2988; baseline 0.004 -23"><span class='ocrx_word' id='word_1_167' title='bbox 209 2902 375 2966; x_wconf 88' lang='lat' dir='ltr'>Postremo</span> <span class='ocrx_word' id='word_1_168' title='bbox 389 2924 476 2965; x_wconf 89' lang='lat' dir='ltr'>nunc</span> <span class='ocrx_word' id='word_1_169' title='bbox 490 2923 598 2965; x_wconf 91' lang='lat' dir='ltr'>meum</span> <span class='ocrx_word' id='word_1_170' title='bbox 612 2902 694 2966; x_wconf 93' lang='lat' dir='ltr'>illud</span> <span class='ocrx_word' id='word_1_171' title='bbox 710 2903 844 2966; x_wconf 87' lang='lat' dir='ltr'>verbum</span> <span class='ocrx_word' id='word_1_172' title='bbox 859 2901 941 2967; x_wconf 84' lang='lat' dir='ltr'>facio</span> <span class='ocrx_word' id='word_1_173' title='bbox 956 2903 1042 2988; x_wconf 90' lang='lat' dir='ltr'>quod</span> <span class='ocrx_word' id='word_1_174' title='bbox 1056 2911 1102 2979; x_wconf 92' lang='lat' dir='ltr'>tu,</span> <span class='ocrx_word' id='word_1_175' title='bbox 1119 2902 1229 2982; x_wconf 87' lang='lat' dir='ltr'>Micio,</span> 
     </span>
    </p>

    <p class='ocr_par' dir='ltr' id='par_1_17' title="bbox 200 2999 1327 3176">
     <span class='ocr_line' id='line_1_28' title="bbox 200 2999 1327 3085; baseline 0.004 -21"><span class='ocrx_word' id='word_1_176' title='bbox 200 2999 299 3064; x_wconf 79' lang='lat' dir='ltr'>Bene</span> <span class='ocrx_word' id='word_1_177' title='bbox 314 3007 346 3063; x_wconf 85' lang='lat' dir='ltr'>et</span> <span class='ocrx_word' id='word_1_178' title='bbox 366 3000 525 3085; x_wconf 73' lang='lat' dir='ltr'>sapienter</span> <span class='ocrx_word' id='word_1_179' title='bbox 543 2999 627 3063; x_wconf 81' lang='lat' dir='ltr'>dixti</span> <span class='ocrx_word' id='word_1_180' title='bbox 647 3001 788 3066; x_wconf 91' lang='lat' dir='ltr'>dudum:</span> <span class='ocrx_word' id='word_1_181' title='bbox 813 3000 970 3066; x_wconf 88' lang='lat' dir='ltr'>“Vitium</span> <span class='ocrx_word' id='word_1_182' title='bbox 992 3024 1159 3067; x_wconf 89' lang='lat' dir='ltr'>commune</span> <span class='ocrx_word' id='word_1_183' title='bbox 1182 3003 1327 3068; x_wconf 89' lang='lat' dir='ltr'>omnium</span> 
     </span>
     <span class='ocr_line' id='line_1_29' title="bbox 252 3106 1326 3176; baseline 0.004 -15"><span class='ocrx_word' id='word_1_184' title='bbox 252 3106 310 3176; x_wconf 85' lang='lat' dir='ltr'>eet,</span> <span class='ocrx_word' id='word_1_185' title='bbox 1291 3119 1326 3167; x_wconf 74' lang='lat'>³0</span> 
     </span>
    </p>
   </div>
   <div class='ocr_carea' id='block_1_3' title="bbox 120 3305 1328 4468">
    <p class='ocr_par' dir='ltr' id='par_1_18' title="bbox 120 3305 1328 4020">
     <span class='ocr_line' id='line_1_30' title="bbox 158 3305 1323 3371; baseline 0.001 -15"><span class='ocrx_word' id='word_1_186' title='bbox 158 3306 195 3356; x_wconf 85' lang='lat'>16.</span> <span class='ocrx_word' id='word_1_187' title='bbox 221 3307 390 3370; x_wconf 63' lang='lat' dir='ltr'>Dementiam]</span> <span class='ocrx_word' id='word_1_188' title='bbox 426 3306 600 3371; x_wconf 84' lang='lat' dir='ltr'>‘Decrepitua’</span> <span class='ocrx_word' id='word_1_189' title='bbox 623 3307 644 3355; x_wconf 85' lang='lat' dir='ltr'>ia</span> <span class='ocrx_word' id='word_1_190' title='bbox 666 3307 706 3355; x_wconf 85' lang='lat' dir='ltr'>de·</span> <span class='ocrx_word' id='word_1_191' title='bbox 739 3305 895 3367; x_wconf 80' lang='lat' dir='ltr'>consistently</span> <span class='ocrx_word' id='word_1_192' title='bbox 914 3306 972 3354; x_wconf 80' lang='lat' dir='ltr'>with</span> <span class='ocrx_word' id='word_1_193' title='bbox 994 3306 1037 3355; x_wconf 82' lang='lat' dir='ltr'>the</span> <span class='ocrx_word' id='word_1_194' title='bbox 1059 3311 1110 3355; x_wconf 86' lang='lat' dir='ltr'>rest</span> <span class='ocrx_word' id='word_1_195' title='bbox 1131 3306 1159 3356; x_wconf 85' lang='lat' dir='ltr'>oi</span> <span class='ocrx_word' id='word_1_196' title='bbox 1177 3307 1221 3356; x_wconf 81' lang='lat' dir='ltr'>the</span> <span class='ocrx_word' id='word_1_197' title='bbox 1239 3322 1323 3366; x_wconf 68' lang='lat' dir='ltr'>sooner</span> 
     </span>
     <span class='ocr_line' id='line_1_31' title="bbox 121 3371 1324 3436; baseline 0 -15"><span class='ocrx_word' id='word_1_198' title='bbox 121 3371 187 3421; x_wconf 81' lang='lat' dir='ltr'>rived</span> <span class='ocrx_word' id='word_1_199' title='bbox 210 3371 271 3421; x_wconf 86' lang='lat' dir='ltr'>irom</span> <span class='ocrx_word' id='word_1_200' title='bbox 294 3372 398 3436; x_wconf 62' lang='lat' dir='ltr'>‘crepe&#39;</span> <span class='ocrx_word' id='word_1_201' title='bbox 415 3373 463 3421; x_wconf 88' lang='lat' dir='ltr'>and</span> <span class='ocrx_word' id='word_1_202' title='bbox 481 3374 559 3422; x_wconf 76' lang='lat' dir='ltr'>would</span> <span class='ocrx_word' id='word_1_203' title='bbox 581 3373 707 3434; x_wconf 82' lang='lat' dir='ltr'>originally</span> <span class='ocrx_word' id='word_1_204' title='bbox 739 3372 877 3433; x_wconf 72' lang='lat' dir='ltr'>comparing</span> <span class='ocrx_word' id='word_1_205' title='bbox 888 3371 924 3418; x_wconf 87' lang='lat' dir='ltr'>ior</span> <span class='ocrx_word' id='word_1_206' title='bbox 940 3372 983 3419; x_wconf 82' lang='lat' dir='ltr'>tha</span> <span class='ocrx_word' id='word_1_207' title='bbox 997 3372 1136 3433; x_wconf 79' lang='lat' dir='ltr'>expression</span> <span class='ocrx_word' id='word_1_208' title='bbox 1146 3372 1324 3421; x_wconf 81' lang='lat' dir='ltr'>Eunuchuaiii.</span> 
     </span>
     <span class='ocr_line' id='line_1_32' title="bbox 122 3434 1325 3487; baseline -0.001 -2"><span class='ocrx_word' id='word_1_209' title='bbox 122 3438 185 3486; x_wconf 80' lang='lat' dir='ltr'>refer</span> <span class='ocrx_word' id='word_1_210' title='bbox 198 3444 224 3485; x_wconf 80' lang='lat' dir='ltr'>to</span> <span class='ocrx_word' id='word_1_211' title='bbox 239 3453 254 3485; x_wconf 83' lang='grc' dir='ltr'>ι</span> <span class='ocrx_word' id='word_1_212' title='bbox 270 3439 368 3486; x_wconf 73' lang='lat' dir='ltr'>maaian</span> <span class='ocrx_word' id='word_1_213' title='bbox 384 3438 617 3487; x_wconf 79' lang='lat' dir='ltr'>instmmentrrhieh</span> <span class='ocrx_word' id='word_1_214' title='bbox 627 3437 706 3485; x_wconf 70' lang='lat' dir='ltr'>would</span> <span class='ocrx_word' id='word_1_215' title='bbox 738 3440 763 3486; x_wconf 73' lang='lat'>2.</span> <span class='ocrx_word' id='word_1_216' title='bbox 781 3440 811 3484; x_wconf 76' lang='lat' dir='ltr'>h:</span> <span class='ocrx_word' id='word_1_217' title='bbox 834 3436 992 3484; x_wconf 82' lang='lat' dir='ltr'>“Plurimum</span> <span class='ocrx_word' id='word_1_218' title='bbox 1009 3438 1093 3484; x_wconf 86' lang='lat' dir='ltr'>merito</span> <span class='ocrx_word' id='word_1_219' title='bbox 1112 3434 1182 3485; x_wconf 83' lang='lat' dir='ltr'>tuo.”</span> <span class='ocrx_word' id='word_1_220' title='bbox 1215 3438 1266 3486; x_wconf 82' lang='lat' dir='ltr'>But</span> <span class='ocrx_word' id='word_1_221' title='bbox 1283 3438 1325 3485; x_wconf 80' lang='lat' dir='ltr'>the</span> 
     </span>
     <span class='ocr_line' id='line_1_33' title="bbox 122 3501 1323 3565; baseline 0.001 -15"><span class='ocrx_word' id='word_1_222' title='bbox 122 3518 154 3551; x_wconf 94' lang='lat' dir='ltr'>no</span> <span class='ocrx_word' id='word_1_223' title='bbox 176 3505 258 3564; x_wconf 83' lang='lat' dir='ltr'>longer</span> <span class='ocrx_word' id='word_1_224' title='bbox 279 3503 332 3565; x_wconf 83' lang='lat' dir='ltr'>give</span> <span class='ocrx_word' id='word_1_225' title='bbox 353 3510 396 3551; x_wconf 86' lang='lat' dir='ltr'>out</span> <span class='ocrx_word' id='word_1_226' title='bbox 420 3519 468 3564; x_wconf 85' lang='lat' dir='ltr'>any</span> <span class='ocrx_word' id='word_1_227' title='bbox 490 3503 574 3551; x_wconf 84' lang='lat' dir='ltr'>aound.</span> <span class='ocrx_word' id='word_1_228' title='bbox 622 3502 706 3550; x_wconf 88' lang='lat' dir='ltr'>Hence</span> <span class='ocrx_word' id='word_1_229' title='bbox 738 3503 829 3562; x_wconf 80' lang='lat' dir='ltr'>change</span> <span class='ocrx_word' id='word_1_230' title='bbox 844 3501 871 3548; x_wconf 88' lang='lat' dir='ltr'>oi</span> <span class='ocrx_word' id='word_1_231' title='bbox 888 3502 997 3549; x_wconf 81' lang='lat' dir='ltr'>metr-eis</span> <span class='ocrx_word' id='word_1_232' title='bbox 1015 3507 1059 3549; x_wconf 86' lang='lat' dir='ltr'>not</span> <span class='ocrx_word' id='word_1_233' title='bbox 1074 3517 1090 3548; x_wconf 87' lang='lat' dir='ltr'>a</span> <span class='ocrx_word' id='word_1_234' title='bbox 1104 3502 1225 3551; x_wconf 81' lang='lat' dir='ltr'>sufficient</span> <span class='ocrx_word' id='word_1_235' title='bbox 1239 3517 1323 3551; x_wconf 74' lang='lat' dir='ltr'>maon</span> 
     </span>
     <span class='ocr_line' id='line_1_34' title="bbox 122 3566 1324 3680; baseline 0 -64"><span class='ocrx_word' id='word_1_236' title='bbox 122 3567 402 3680; x_wconf 64' lang='lat' dir='ltr'>gepemlly‘wpmcut.&#39;</span> <span class='ocrx_word' id='word_1_237' title='bbox 428 3568 512 3678; x_wconf 71' lang='lat' dir='ltr'>Festps</span> <span class='ocrx_word' id='word_1_238' title='bbox 523 3568 706 3679; x_wconf 50' lang='lat' dir='ltr'>mpndppaalpssp</span> <span class='ocrx_word' id='word_1_239' title='bbox 738 3566 1056 3678; x_wconf 53' lang='lat' dir='ltr'>intr-intpmmmlatingaword</span> <span class='ocrx_word' id='word_1_240' title='bbox 1072 3567 1126 3614; x_wconf 79' lang='lat' dir='ltr'>that</span> <span class='ocrx_word' id='word_1_241' title='bbox 1139 3566 1324 3616; x_wconf 78' lang='lat' dir='ltr'>hasnoantho·</span> 
     </span>
     <span class='ocr_line' id='line_1_35' title="bbox 121 3638 925 3685; baseline -0.002 -5"><span class='ocrx_word' id='word_1_242' title='bbox 121 3649 137 3680; x_wconf 87' lang='lat' dir='ltr'>a</span> <span class='ocrx_word' id='word_1_243' title='bbox 163 3648 277 3680; x_wconf 81' lang='lat' dir='ltr'>enraron</span> <span class='ocrx_word' id='word_1_244' title='bbox 298 3638 412 3679; x_wconf 78' lang='lat' dir='ltr'>rom‘cre</span> <span class='ocrx_word' id='word_1_245' title='bbox 429 3647 547 3685; x_wconf 81' lang='lat' dir='ltr'>menum.</span> <span class='ocrx_word' id='word_1_246' title='bbox 568 3647 596 3678; x_wconf 80' lang='lat' dir='ltr'>aa</span> <span class='ocrx_word' id='word_1_247' title='bbox 634 3647 648 3678; x_wconf 87' lang='lat' dir='ltr'>e</span> <span class='ocrx_word' id='word_1_248' title='bbox 737 3647 758 3679; x_wconf 85' lang='lat' dir='ltr'>rr</span> <span class='ocrx_word' id='word_1_249' title='bbox 798 3646 817 3677; x_wconf 76' lang='lat' dir='ltr'>w</span> <span class='ocrx_word' id='word_1_250' title='bbox 876 3646 925 3678; x_wconf 84' lang='lat' dir='ltr'>rer.</span> 
     </span>
     <span class='ocr_line' id='line_1_36' title="bbox 121 3647 1327 3760; baseline -0.001 -14"><span class='ocrx_word' id='word_1_251' title='bbox 121 3698 214 3760; x_wconf 77' lang='lat' dir='ltr'>partoi</span> <span class='ocrx_word' id='word_1_252' title='bbox 228 3698 270 3744; x_wconf 83' lang='lat' dir='ltr'>the</span> <span class='ocrx_word' id='word_1_253' title='bbox 281 3697 335 3758; x_wconf 81' lang='lat' dir='ltr'>day,</span> <span class='ocrx_word' id='word_1_254' title='bbox 347 3697 392 3744; x_wconf 79' lang='lat' dir='ltr'>bnt</span> <span class='ocrx_word' id='word_1_255' title='bbox 401 3648 450 3743; x_wconf 68' lang='lat' dir='ltr'>tilia</span> <span class='ocrx_word' id='word_1_256' title='bbox 461 3697 481 3743; x_wconf 88' lang='lat' dir='ltr'>ia</span> <span class='ocrx_word' id='word_1_257' title='bbox 494 3711 558 3744; x_wconf 86' lang='lat' dir='ltr'>mera</span> <span class='ocrx_word' id='word_1_258' title='bbox 568 3697 653 3758; x_wconf 76' lang='lat' dir='ltr'>iaucy3</span> <span class='ocrx_word' id='word_1_259' title='bbox 668 3696 705 3743; x_wconf 87' lang='lat' dir='ltr'>ior</span> <span class='ocrx_word' id='word_1_260' title='bbox 770 3647 809 3743; x_wconf 70' lang='lat' dir='ltr'>io.</span> <span class='ocrx_word' id='word_1_261' title='bbox 826 3694 921 3756; x_wconf 76' lang='lat' dir='ltr'>Apelli]</span> <span class='ocrx_word' id='word_1_262' title='bbox 958 3694 1051 3743; x_wconf 84' lang='lat' dir='ltr'>‘There</span> <span class='ocrx_word' id='word_1_263' title='bbox 1066 3695 1086 3742; x_wconf 88' lang='lat' dir='ltr'>is</span> <span class='ocrx_word' id='word_1_264' title='bbox 1103 3696 1202 3743; x_wconf 81' lang='lat' dir='ltr'>asmall</span> <span class='ocrx_word' id='word_1_265' title='bbox 1218 3697 1286 3759; x_wconf 82' lang='lat' dir='ltr'>picea</span> <span class='ocrx_word' id='word_1_266' title='bbox 1299 3694 1327 3745; x_wconf 88' lang='lat' dir='ltr'>oi</span> 
     </span>
     <span class='ocr_line' id='line_1_37' title="bbox 122 3759 1324 3825; baseline -0.001 -15"><span class='ocrx_word' id='word_1_267' title='bbox 122 3761 314 3825; x_wconf 83' lang='lat' dir='ltr'>‘crepusculum&#39;</span> <span class='ocrx_word' id='word_1_268' title='bbox 325 3763 345 3809; x_wconf 83' lang='lat' dir='ltr'>ia</span> <span class='ocrx_word' id='word_1_269' title='bbox 356 3761 486 3809; x_wconf 79' lang='lat' dir='ltr'>connected</span> <span class='ocrx_word' id='word_1_270' title='bbox 492 3761 549 3808; x_wconf 77' lang='lat' dir='ltr'>with</span> <span class='ocrx_word' id='word_1_271' title='bbox 557 3762 599 3809; x_wconf 86' lang='lat' dir='ltr'>the</span> <span class='ocrx_word' id='word_1_272' title='bbox 607 3761 705 3824; x_wconf 81' lang='lat' dir='ltr'>antique</span> <span class='ocrx_word' id='word_1_273' title='bbox 736 3760 829 3822; x_wconf 87' lang='lat' dir='ltr'>ground</span> <span class='ocrx_word' id='word_1_274' title='bbox 840 3760 897 3807; x_wconf 90' lang='lat' dir='ltr'>here</span> <span class='ocrx_word' id='word_1_275' title='bbox 907 3761 933 3807; x_wconf 90' lang='lat' dir='ltr'>in</span> <span class='ocrx_word' id='word_1_276' title='bbox 941 3759 983 3807; x_wconf 86' lang='lat' dir='ltr'>the</span> <span class='ocrx_word' id='word_1_277' title='bbox 989 3760 1092 3808; x_wconf 83' lang='lat' dir='ltr'>suburbe</span> <span class='ocrx_word' id='word_1_278' title='bbox 1100 3761 1177 3808; x_wconf 78' lang='lat' dir='ltr'>which</span> <span class='ocrx_word' id='word_1_279' title='bbox 1184 3776 1234 3824; x_wconf 91' lang='lat' dir='ltr'>you</span> <span class='ocrx_word' id='word_1_280' title='bbox 1241 3762 1276 3809; x_wconf 83' lang='lat' dir='ltr'>let</span> <span class='ocrx_word' id='word_1_281' title='bbox 1282 3766 1324 3809; x_wconf 78' lang='lat' dir='ltr'>oui</span> 
     </span>
     <span class='ocr_line' id='line_1_38' title="bbox 121 3819 1328 3889; baseline -0.001 -14"><span class='ocrx_word' id='word_1_282' title='bbox 121 3827 185 3875; x_wconf 76' lang='lat' dir='ltr'>word</span> <span class='ocrx_word' id='word_1_283' title='bbox 201 3826 343 3889; x_wconf 81' lang='lat' dir='ltr'>‘creperus‚&#39;</span> <span class='ocrx_word' id='word_1_284' title='bbox 360 3826 408 3873; x_wconf 88' lang='lat' dir='ltr'>and</span> <span class='ocrx_word' id='word_1_285' title='bbox 423 3840 512 3880; x_wconf 80' lang='lat' dir='ltr'>means,</span> <span class='ocrx_word' id='word_1_286' title='bbox 528 3826 584 3874; x_wconf 88' lang='lat' dir='ltr'>‘the</span> <span class='ocrx_word' id='word_1_287' title='bbox 595 3825 706 3873; x_wconf 79' lang='lat' dir='ltr'>doubtful</span> <span class='ocrx_word' id='word_1_288' title='bbox 738 3826 766 3873; x_wconf 84' lang='lat' dir='ltr'>oi</span> <span class='ocrx_word' id='word_1_289' title='bbox 780 3825 999 3887; x_wconf 75' lang='lat' dir='ltr'>yourownhands.</span> <span class='ocrx_word' id='word_1_290' title='bbox 1033 3819 1328 3887; x_wconf 70' lang='lat' dir='ltr'>Ietmgiretheusaoi</span> 
     </span>
     <span class='ocr_line' id='line_1_39' title="bbox 120 3888 1327 3955; baseline -0.001 -15"><span class='ocrx_word' id='word_1_291' title='bbox 120 3893 182 3954; x_wconf 84' lang='lat' dir='ltr'>light</span> <span class='ocrx_word' id='word_1_292' title='bbox 191 3893 206 3949; x_wconf 72' lang='grc' dir='ltr'>ς’</span> <span class='ocrx_word' id='word_1_293' title='bbox 224 3893 328 3955; x_wconf 78' lang='lat' dir='ltr'>perhaps</span> <span class='ocrx_word' id='word_1_294' title='bbox 339 3891 470 3940; x_wconf 78' lang='lat' dir='ltr'>connected</span> <span class='ocrx_word' id='word_1_295' title='bbox 480 3891 536 3938; x_wconf 79' lang='lat' dir='ltr'>with</span> <span class='ocrx_word' id='word_1_296' title='bbox 546 3906 578 3939; x_wconf 86' lang='lat' dir='ltr'>an</span> <span class='ocrx_word' id='word_1_297' title='bbox 589 3891 630 3940; x_wconf 86' lang='lat' dir='ltr'>oid</span> <span class='ocrx_word' id='word_1_298' title='bbox 640 3891 706 3939; x_wconf 81' lang='lat' dir='ltr'>word</span> <span class='ocrx_word' id='word_1_299' title='bbox 737 3891 758 3938; x_wconf 80' lang='lat' dir='ltr'>it</span> <span class='ocrx_word' id='word_1_300' title='bbox 769 3895 795 3938; x_wconf 88' lang='lat' dir='ltr'>to</span> <span class='ocrx_word' id='word_1_301' title='bbox 805 3888 874 3936; x_wconf 69' lang='lat' dir='ltr'>him!</span> <span class='ocrx_word' id='word_1_302' title='bbox 908 3889 967 3937; x_wconf 83' lang='lat' dir='ltr'>Thia</span> <span class='ocrx_word' id='word_1_303' title='bbox 978 3890 999 3937; x_wconf 86' lang='lat' dir='ltr'>is</span> <span class='ocrx_word' id='word_1_304' title='bbox 1009 3890 1052 3938; x_wconf 77' lang='lat' dir='ltr'>the</span> <span class='ocrx_word' id='word_1_305' title='bbox 1068 3896 1122 3939; x_wconf 82' lang='lat' dir='ltr'>true</span> <span class='ocrx_word' id='word_1_306' title='bbox 1135 3890 1290 3952; x_wconf 67' lang='lat' dir='ltr'>explanation</span> <span class='ocrx_word' id='word_1_307' title='bbox 1300 3890 1327 3938; x_wconf 88' lang='lat' dir='ltr'>oi</span> 
     </span>
     <span class='ocr_line' id='line_1_40' title="bbox 121 3953 1324 4020; baseline -0.002 -15"><span class='ocrx_word' id='word_1_308' title='bbox 121 3958 240 4020; x_wconf 61' lang='lat' dir='ltr'>‘cropus’</span> <span class='ocrx_word' id='word_1_309' title='bbox 252 3958 352 4018; x_wconf 72' lang='grc' dir='ltr'>κνίφας.</span> <span class='ocrx_word' id='word_1_310' title='bbox 738 3956 780 4004; x_wconf 80' lang='lat' dir='ltr'>the</span> <span class='ocrx_word' id='word_1_311' title='bbox 791 3953 856 4003; x_wconf 71' lang='lat' dir='ltr'>word</span> <span class='ocrx_word' id='word_1_312' title='bbox 869 3954 978 4002; x_wconf 71' lang='lat' dir='ltr'>‘frutra&#39;</span> <span class='ocrx_word' id='word_1_313' title='bbox 1014 3955 1091 4016; x_wconf 85' lang='lat' dir='ltr'>Hegio</span> <span class='ocrx_word' id='word_1_314' title='bbox 1102 3970 1149 4002; x_wconf 77' lang='lat' dir='ltr'>was</span> <span class='ocrx_word' id='word_1_315' title='bbox 1161 3962 1188 4003; x_wconf 89' lang='lat' dir='ltr'>to</span> <span class='ocrx_word' id='word_1_316' title='bbox 1205 3956 1266 4003; x_wconf 79' lang='lat' dir='ltr'>have</span> <span class='ocrx_word' id='word_1_317' title='bbox 1283 3955 1324 4003; x_wconf 85' lang='lat' dir='ltr'>the</span> 
     </span>
    </p>

    <p class='ocr_par' dir='ltr' id='par_1_19' title="bbox 120 4019 1325 4280">
     <span class='ocr_line' id='line_1_41' title="bbox 153 4019 1325 4084; baseline -0.002 -14"><span class='ocrx_word' id='word_1_318' title='bbox 153 4025 193 4070; x_wconf 82' lang='lat'>20.</span> <span class='ocrx_word' id='word_1_319' title='bbox 210 4021 480 4084; x_wconf 53' lang='lat' dir='ltr'>cameracenae]</span> <span class='ocrx_word' id='word_1_320' title='bbox 512 4021 574 4069; x_wconf 81' lang='lat' dir='ltr'>‘Act</span> <span class='ocrx_word' id='word_1_321' title='bbox 590 4021 706 4082; x_wconf 83' lang='lat' dir='ltr'>liberally,</span> <span class='ocrx_word' id='word_1_322' title='bbox 741 4019 918 4068; x_wconf 79' lang='lat' dir='ltr'>‘ususfructus&#39;</span> <span class='ocrx_word' id='word_1_323' title='bbox 945 4019 973 4067; x_wconf 87' lang='lat' dir='ltr'>oi</span> <span class='ocrx_word' id='word_1_324' title='bbox 994 4020 1037 4067; x_wconf 83' lang='lat' dir='ltr'>the</span> <span class='ocrx_word' id='word_1_325' title='bbox 1059 4021 1127 4076; x_wconf 82' lang='lat' dir='ltr'>farm,</span> <span class='ocrx_word' id='word_1_326' title='bbox 1152 4020 1195 4068; x_wconf 88' lang='lat' dir='ltr'>but</span> <span class='ocrx_word' id='word_1_327' title='bbox 1217 4027 1261 4068; x_wconf 88' lang='lat' dir='ltr'>not</span> <span class='ocrx_word' id='word_1_328' title='bbox 1282 4021 1325 4068; x_wconf 85' lang='lat' dir='ltr'>the</span> 
     </span>
     <span class='ocr_line' id='line_1_42' title="bbox 120 4084 1324 4149; baseline -0.002 -14"><span class='ocrx_word' id='word_1_329' title='bbox 120 4087 212 4136; x_wconf 65' lang='lat' dir='ltr'>Micio)</span> <span class='ocrx_word' id='word_1_330' title='bbox 232 4087 351 4149; x_wconf 83' lang='lat' dir='ltr'>Compare</span> <span class='ocrx_word' id='word_1_331' title='bbox 363 4087 494 4135; x_wconf 77' lang='lat' dir='ltr'>Eunuchus</span> <span class='ocrx_word' id='word_1_332' title='bbox 505 4103 528 4135; x_wconf 83' lang='lat' dir='ltr'>r.</span> <span class='ocrx_word' id='word_1_333' title='bbox 540 4089 563 4135; x_wconf 88' lang='grc'>8.</span> <span class='ocrx_word' id='word_1_334' title='bbox 575 4090 621 4135; x_wconf 75' lang='lat'>52:</span> <span class='ocrx_word' id='word_1_335' title='bbox 635 4088 706 4134; x_wconf 81' lang='lat' dir='ltr'>“Ac·</span> <span class='ocrx_word' id='word_1_336' title='bbox 739 4084 881 4146; x_wconf 74' lang='lat' dir='ltr'>ownership.</span> <span class='ocrx_word' id='word_1_337' title='bbox 915 4084 967 4132; x_wconf 87' lang='lat' dir='ltr'>The</span> <span class='ocrx_word' id='word_1_338' title='bbox 984 4092 1097 4148; x_wconf 87' lang='lat' dir='ltr'>property</span> <span class='ocrx_word' id='word_1_339' title='bbox 1117 4084 1194 4132; x_wconf 85' lang='lat' dir='ltr'>would</span> <span class='ocrx_word' id='word_1_340' title='bbox 1213 4086 1264 4133; x_wconf 83' lang='lat' dir='ltr'>still</span> <span class='ocrx_word' id='word_1_341' title='bbox 1283 4086 1324 4133; x_wconf 84' lang='lat' dir='ltr'>be·</span> 
     </span>
     <span class='ocr_line' id='line_1_43' title="bbox 120 4149 1324 4215; baseline -0.002 -15"><span class='ocrx_word' id='word_1_342' title='bbox 120 4154 177 4215; x_wconf 89' lang='lat' dir='ltr'>cipit</span> <span class='ocrx_word' id='word_1_343' title='bbox 194 4153 315 4200; x_wconf 87' lang='lat' dir='ltr'>hominem</span> <span class='ocrx_word' id='word_1_344' title='bbox 333 4167 404 4199; x_wconf 86' lang='lat' dir='ltr'>nemo</span> <span class='ocrx_word' id='word_1_345' title='bbox 416 4153 500 4199; x_wconf 88' lang='lat' dir='ltr'>melius</span> <span class='ocrx_word' id='word_1_346' title='bbox 514 4167 618 4214; x_wconf 80' lang='lat' dir='ltr'>prorsus,</span> <span class='ocrx_word' id='word_1_347' title='bbox 630 4166 708 4214; x_wconf 91' lang='lat' dir='ltr'>nequa</span> <span class='ocrx_word' id='word_1_348' title='bbox 739 4149 915 4210; x_wconf 84' lang='lat' dir='ltr'>longtoMicio.</span> <span class='ocrx_word' id='word_1_349' title='bbox 930 4151 1031 4210; x_wconf 75' lang='lat' dir='ltr'>‘Agrum</span> <span class='ocrx_word' id='word_1_350' title='bbox 1042 4149 1324 4198; x_wconf 72' lang='lat' dir='ltr'>fruendumIocara&#39;m</span> 
     </span>
     <span class='ocr_line' id='line_1_44' title="bbox 120 4215 1323 4280; baseline -0.001 -16"><span class='ocrx_word' id='word_1_351' title='bbox 120 4216 262 4280; x_wconf 83' lang='lat' dir='ltr'>prolixius,”</span> <span class='ocrx_word' id='word_1_352' title='bbox 273 4217 352 4264; x_wconf 83' lang='lat' dir='ltr'>where</span> <span class='ocrx_word' id='word_1_353' title='bbox 363 4232 402 4264; x_wconf 85' lang='lat' dir='ltr'>see</span> <span class='ocrx_word' id='word_1_354' title='bbox 414 4222 479 4264; x_wconf 74' lang='lat' dir='ltr'>note.</span> <span class='ocrx_word' id='word_1_355' title='bbox 739 4220 765 4263; x_wconf 86' lang='lat' dir='ltr'>to</span> <span class='ocrx_word' id='word_1_356' title='bbox 780 4215 814 4262; x_wconf 85' lang='lat' dir='ltr'>let</span> <span class='ocrx_word' id='word_1_357' title='bbox 836 4230 867 4261; x_wconf 88' lang='lat' dir='ltr'>au</span> <span class='ocrx_word' id='word_1_358' title='bbox 878 4219 962 4268; x_wconf 80' lang='lat' dir='ltr'>estate,</span> <span class='ocrx_word' id='word_1_359' title='bbox 979 4216 1100 4275; x_wconf 75' lang='lat' dir='ltr'>raserring</span> <span class='ocrx_word' id='word_1_360' title='bbox 1119 4215 1162 4262; x_wconf 86' lang='lat' dir='ltr'>the</span> <span class='ocrx_word' id='word_1_361' title='bbox 1180 4216 1323 4277; x_wconf 79' lang='lat' dir='ltr'>ownership.</span> 
     </span>
    </p>

    <p class='ocr_par' dir='ltr' id='par_1_20' title="bbox 120 4279 1323 4468">
     <span class='ocr_line' id='line_1_45' title="bbox 153 4279 1323 4343; baseline -0.003 -14"><span class='ocrx_word' id='word_1_362' title='bbox 153 4284 192 4329; x_wconf 80' lang='lat'>2³.</span> <span class='ocrx_word' id='word_1_363' title='bbox 211 4283 302 4329; x_wconf 80' lang='lat' dir='ltr'>Merito</span> <span class='ocrx_word' id='word_1_364' title='bbox 315 4286 338 4329; x_wconf 78' lang='lat' dir='ltr'>te</span> <span class='ocrx_word' id='word_1_365' title='bbox 349 4281 415 4342; x_wconf 85' lang='lat' dir='ltr'>amo]</span> <span class='ocrx_word' id='word_1_366' title='bbox 437 4282 460 4328; x_wconf 83' lang='grc' dir='ltr'><strong>Α</strong></span> <span class='ocrx_word' id='word_1_367' title='bbox 470 4297 581 4329; x_wconf 90' lang='lat' dir='ltr'>common</span> <span class='ocrx_word' id='word_1_368' title='bbox 592 4280 703 4328; x_wconf 80' lang='lat' dir='ltr'>formula.</span> <span class='ocrx_word' id='word_1_369' title='bbox 738 4280 814 4332; x_wconf 78' lang='lat' dir='ltr'>‘Qui’</span> <span class='ocrx_word' id='word_1_370' title='bbox 832 4280 853 4326; x_wconf 89' lang='lat' dir='ltr'>is</span> <span class='ocrx_word' id='word_1_371' title='bbox 869 4280 911 4326; x_wconf 85' lang='lat' dir='ltr'>the</span> <span class='ocrx_word' id='word_1_372' title='bbox 922 4279 1032 4336; x_wconf 82' lang='lat' dir='ltr'>ablativa,</span> <span class='ocrx_word' id='word_1_373' title='bbox 1043 4295 1070 4327; x_wconf 80' lang='lat' dir='ltr'>es</span> <span class='ocrx_word' id='word_1_374' title='bbox 1083 4281 1108 4326; x_wconf 91' lang='lat' dir='ltr'>in</span> <span class='ocrx_word' id='word_1_375' title='bbox 1120 4295 1192 4341; x_wconf 82' lang='lat' dir='ltr'>many</span> <span class='ocrx_word' id='word_1_376' title='bbox 1203 4295 1323 4343; x_wconf 76' lang='lat' dir='ltr'>passages.</span> 
     </span>
     <span class='ocr_line' id='line_1_46' title="bbox 121 4343 1322 4408; baseline 0.002 -16"><span class='ocrx_word' id='word_1_377' title='bbox 121 4346 166 4392; x_wconf 86' lang='lat' dir='ltr'>See</span> <span class='ocrx_word' id='word_1_378' title='bbox 186 4346 318 4393; x_wconf 83' lang='lat' dir='ltr'>Eunuchus</span> <span class='ocrx_word' id='word_1_379' title='bbox 337 4347 353 4393; x_wconf 94' lang='lat' dir='ltr'>i.</span> <span class='ocrx_word' id='word_1_380' title='bbox 373 4348 397 4392; x_wconf 81' lang='lat'>2.</span> <span class='ocrx_word' id='word_1_381' title='bbox 421 4347 474 4392; x_wconf 83' lang='lat' dir='ltr'>loo.</span> <span class='ocrx_word' id='word_1_382' title='bbox 515 4347 616 4408; x_wconf 80' lang='lat' dir='ltr'>Bentley</span> <span class='ocrx_word' id='word_1_383' title='bbox 636 4345 704 4394; x_wconf 80' lang='lat' dir='ltr'>reads</span> <span class='ocrx_word' id='word_1_384' title='bbox 738 4344 783 4392; x_wconf 82' lang='lat' dir='ltr'>See</span> <span class='ocrx_word' id='word_1_385' title='bbox 803 4350 861 4393; x_wconf 82' lang='lat' dir='ltr'>note</span> <span class='ocrx_word' id='word_1_386' title='bbox 882 4359 916 4392; x_wconf 88' lang='lat' dir='ltr'>on</span> <span class='ocrx_word' id='word_1_387' title='bbox 939 4343 1028 4392; x_wconf 78' lang='lat' dir='ltr'>Horat.</span> <span class='ocrx_word' id='word_1_388' title='bbox 1050 4344 1082 4393; x_wconf 82' lang='lat' dir='ltr'>ir.</span> <span class='ocrx_word' id='word_1_389' title='bbox 1106 4349 1130 4393; x_wconf 80' lang='lat' dir='ltr'>h.</span> <span class='ocrx_word' id='word_1_390' title='bbox 1149 4347 1189 4395; x_wconf 76' lang='lat'>29.</span> <span class='ocrx_word' id='word_1_391' title='bbox 1223 4345 1322 4402; x_wconf 73' lang='lat' dir='ltr'>Andria,</span> 
     </span>
     <span class='ocr_line' id='line_1_47' title="bbox 120 4409 837 4468; baseline -0.003 -10"><span class='ocrx_word' id='word_1_392' title='bbox 120 4411 221 4458; x_wconf 84' lang='lat' dir='ltr'>‘merito</span> <span class='ocrx_word' id='word_1_393' title='bbox 240 4409 299 4468; x_wconf 82' lang='lat' dir='ltr'>tuo,&#39;</span> <span class='ocrx_word' id='word_1_394' title='bbox 317 4414 343 4457; x_wconf 86' lang='lat' dir='ltr'>to</span> <span class='ocrx_word' id='word_1_395' title='bbox 366 4409 436 4456; x_wconf 77' lang='lat' dir='ltr'>make</span> <span class='ocrx_word' id='word_1_396' title='bbox 457 4410 500 4457; x_wconf 83' lang='lat' dir='ltr'>the</span> <span class='ocrx_word' id='word_1_397' title='bbox 520 4416 597 4460; x_wconf 84' lang='lat' dir='ltr'>matre</span> <span class='ocrx_word' id='word_1_398' title='bbox 617 4410 704 4458; x_wconf 85' lang='lat' dir='ltr'>iambic</span> <span class='ocrx_word' id='word_1_399' title='bbox 737 4409 837 4457; x_wconf 75' lang='lat' dir='ltr'>Prole.</span> 
     </span>
    </p>
   </div>
   <div class='ocr_carea' id='block_1_4' title="bbox 0 0 1464 4854">
    <p class='ocr_par' dir='ltr' id='par_1_21' title="bbox 0 0 1464 4854">
     <span class='ocr_line' id='line_1_48' title="bbox 0 0 1464 4854; baseline 0 1"><span class='ocrx_word' id='word_1_400' title='bbox 0 0 1464 4854; x_wconf 95' lang='lat' dir='ltr'> </span> 
     </span>
    </p>
   </div>
  </div>
 </body>
</html>
