2918 4854
448 338 591 405 AOTUS
614 340 655 406 V.
700 339 845 407 SOENA
867 342 927 406 IV.
1250 344 1291 411 73

175 513 267 577 Tune
280 511 412 597 impune
427 511 505 576 haec
520 511 648 597 faciae)
664 520 742 576 tune
756 513 810 577 hie
824 513 969 577 hominos
984 513 1233 580 adolescentulos

176 611 348 695 Imperitos
362 633 478 687 rerum,
495 610 624 675 eductos
638 610 746 689 libere,
763 611 798 675 in
813 610 959 675 fraudem
973 610 1096 691 illicis?

176 709 383 773 Sollicitando
413 716 445 772 et
473 708 681 793 pollicitando
710 732 820 773 eorum
849 710 971 774 animoa
997 709 1096 774 lactas
1110 712 1181 775 -P
1237 711 1289 778 Or.

219 806 362 871 Sanusne
377 807 438 870 es?

178 904 223 968 Si.
247 904 297 968 Ae
311 905 507 969 meretricios
522 928 644 970 umores
658 906 781 990 nuptiis
796 907 1026 992 conglutinas?
1259 925 1292 971 ιο

176 1003 237 1066 Pa.
261 1002 368 1066 Perii!
392 1011 499 1068 metuo
514 1011 551 1066 ut
566 1004 687 1068 substet
701 1003 851 1088 hoepee.4
873 1005 929 1069 Oli.
953 1005 987 1068 Si
1002 1004 1090 1070 Simo
1104 1004 1190 1069 hune
1205 1006 1292 1070 noris

220 1101 305 1178 setis,

177 1198 252 1263 Non
266 1198 313 1262 ita
328 1198 502 1264 arbitrere:
525 1201 627 1265 bonus
641 1208 689 1264 eat
703 1200 757 1264 hie
771 1199 831 1264 vir.
879 1198 924 1264 Si.
948 1200 1013 1265 Hie
1028 1199 1079 1267 vir
1093 1199 1135 1265 eit
1148 1200 1278 1266 bonus?

178 1295 272 1360 Itane
287 1303 496 1380 attemperate
511 1297 601 1361 venit
615 1297 710 1361 hodie
724 1296 760 1360 in
774 1295 852 1381 ipsis
866 1298 997 1382 nuptiis,

179 1392 226 1458 Ut
255 1394 380 1458 veniret
409 1394 545 1460 antehae
574 1396 767 1479 nunquam?
804 1403 852 1460 eet
881 1417 957 1460 vero
989 1396 1065 1461 huie
1101 1395 1294 1462 credendum

222 1491 383 1557 OhremeP

179 1589 238 1653 Pa.
263 1589 308 1653 Ni
322 1597 463 1655 metuam
478 1598 612 1675 patrem,
628 1590 730 1655 habeo
744 1613 802 1676 pro
819 1590 877 1671 illa
890 1615 925 1657 re
939 1591 1033 1656 illum
1047 1594 1133 1677 quod
1146 1615 1294 1658 moneam

221 1688 327 1771 probe.
1228 1691 1231 1697 ’
1261 1708 1293 1755 15

181 1785 227 1850 Si.
251 1785 464 1871 Sycophanta.
513 1787 565 1853 Or.
589 1787 694 1852 Hem!
749 1787 803 1853 012.
828 1786 880 1853 Sic
907 1788 996 1855 Crito
1021 1797 1069 1854 eet
1094 1790 1166 1856 hie:
1189 1788 1292 1855 mitte.

226 1884 278 1948 Or.
302 1883 420 1947 Videat
434 1885 491 1969 qui
506 1886 575 1949 siet.

180 1982 216 2046 Si
229 1982 311 2045 mihi
327 1982 434 2067 pergit
448 2005 529 2067 quae
544 1968 612 2047 volt
627 1982 741 2060 dicere,
758 2006 891 2068 eaquae
905 2007 969 2047 non
984 1985 1052 2048 volt
1067 1983 1184 2049 audiet.

180 2081 252 2165 Ego
267 2080 363 2144 istaec
377 2102 498 2157 moveo,
515 2089 571 2145 aut
582 2081 686 2146 euro?
705 2104 771 2146 non
781 2089 819 2145 tu
829 2088 923 2145 tuum
936 2082 1059 2146 malum
1073 2104 1172 2177 aequo
1187 2081 1294 2148 animo

223 2177 331 2241 feres?
1107 2184 1108 2189 ’
1194 2188 1199 2197 ’

181 2276 268 2340 Nam
282 2297 341 2360 ego
356 2298 437 2360 quae
452 2275 523 2340 dieo
537 2298 613 2340 vera
628 2298 669 2339 an
685 2274 765 2340 falsa
780 2274 918 2339 audieris
929 2276 998 2362 jam
1013 2274 1087 2340 seiri
1101 2284 1214 2361 potest.

180 2372 310 2438 Atticus
340 2373 471 2458 quidam
507 2372 584 2438 olim
620 2372 697 2438 navi
732 2374 834 2438 freota
870 2375 955 2459 apud
991 2372 1142 2438 Andrum
1177 2374 1295 2461 ejectus

182 2480 338 2633 Etaiallaec
352 2591 417 2632 una
431 2591 531 2653 parva
544 2567 655 2654 virgo:
679 2578 750 2633 tum
764 2569 819 2633 ille
834 2591 933 2655 egene
948 2569 1030 2634 forte
1045 2569 1185 2655 applicet
1261 2490 1296 2536 ²⁰

183 2667 330 2779 Primum
344 2668 385 2731 ad
400 2665 566 2752 Chrysidis
580 2674 705 2752 patrem
720 2691 761 2732 se.
806 2667 851 2732 Si.
875 2666 1032 2732 Fabulam
1046 2666 1197 2753 inceptat.
1239 2667 1294 2733 012.

187 2764 362 2929 θὲὶῖῖιιιιθ
391 2884 466 2927 vero
495 2863 671 2928 obturbat?
721 2861 776 2927 Oli.
800 2863 913 2948 Perge.
970 2863 1022 2928 Or.
1047 2863 1131 2929 Tum
1159 2863 1187 2928 ia
1215 2863 1297 2929 mihi

225 2969 381 3047 cognatus
395 2959 458 3024 fuit

131 3174 154 3220 8.
171 3169 326 3230 Iusraadem
337 3168 423 3230 illicia]
450 3168 613 3217 ‘Entioeinto
625 3168 680 3217 mia-
749 3168 800 3230 1a.]
820 3167 935 3216 Chremes
952 3168 1036 3230 begine
1055 3172 1081 3217 to
1098 3168 1129 3217 be
1145 3183 1220 3231 augry
1230 3183 1297 3230 upon

100 3234 177 3284 chief!
202 3233 681 3282 Tbeearlieetueeoltheword¹lraue'
713 3231 1048 3294 beingoalled‘eyeophant!
1083 3234 1127 3281 See
1143 3239 1201 3280 note
1216 3248 1248 3281 on
1263 3234 1295 3282 iv.

100 3300 208 3348 ieinthe
219 3314 288 3347 aenae
299 3297 327 3346 ol
336 3297 447 3360 ‘injury,'
460 3297 621 3345 ‘detrimeut’
650 3298 682 3345 So
715 3298 985 3360 arucatoappeaeea
993 3297 1052 3344 him.
1064 3298 1297 3356 ‘Nevermindbim,

100 3365 141 3411 the
159 3365 219 3426 legal
241 3364 328 3426 phrase
347 3367 388 3410 ‘ae
407 3363 489 3410 frando
505 3361 575 3410 erto!
609 3362 682 3410 Com·
715 3360 799 3418 carol
815 3362 846 3409 ba
863 3377 931 3424 raye3
949 3362 1007 3409 ‘it'e
1022 3376 1037 3408 a
1053 3377 1105 3424 way
1122 3362 1153 3410 ha
1167 3362 1219 3410 hae.
1255 3363 1297 3411 Gr.

100 3444 156 3491 para
178 3429 273 3482 “Quod
299 3429 351 3474 aine
373 3427 455 3474 fraude
474 3442 528 3474 mea
552 3427 682 3490 populique
715 3426 755 3474 He
769 3427 816 3473 had
835 3426 914 3474 better
930 3426 995 3473 mind
1014 3426 1125 3488 bievaye
1142 3427 1209 3482 then,
1227 3427 1297 3475 orhe

100 3494 203 3541 Romani
214 3493 283 3550 fiat,''
299 3492 360 3554 Livy
373 3492 389 3539 i.
409 3495 449 3540 24.
483 3492 623 3540 Donaldeon
640 3492 681 3539 de·
713 3491 762 3539 will
772 3491 1041 3553 getaRolandforhia
1053 3491 1152 3540 Oliver)

98 3560 160 3606 rivae
174 3559 216 3605 the
232 3557 297 3605 word
314 3557 375 3604 from
390 3557 432 3603 the
448 3557 487 3604 old
503 3561 557 3604 root
570 3556 681 3611 ‘fraradl
748 3556 791 3603 sie
802 3561 838 3603 erl
848 3556 900 3618 die]
921 3556 966 3603 See
977 3556 1040 3604 Eun.
1052 3557 1084 3604 iii.
1096 3559 1118 3604 l.
1128 3559 1165 3605 le.
1184 3556 1297 3603 Phormio

100 3623 160 3670 from
172 3623 250 3669 which
260 3623 281 3669 ia
290 3620 385 3669 derived
398 3620 497 3683 ‘privo’
514 3621 582 3668 'Ibus
594 3620 680 3668 ‘fraus'
713 3621 745 3667 iii
758 3623 781 3668 2.
795 3623 833 3668 42.

100 3686 215 3751 (harada)
244 3701 327 3733 meane
354 3686 478 3748 originally
500 3683 679 3748 ‘deprivation,'
748 3687 784 3733 18.
803 3685 943 3746 quiriuee
953 3699 1041 3742 moveo,
1054 3684 1198 3746 autemst]
1234 3683 1296 3730 ‘Am

99 3753 181 3807 ‘losa’
199 3751 348 3812 obiectively.
382 3750 480 3798 Tbenee
499 3750 519 3798 it
538 3765 585 3797 vae
603 3755 681 3798 mue·
715 3750 777 3797 lthe
788 3750 875 3797 author
885 3749 913 3797 oi
921 3751 952 3797 all
963 3750 1031 3796 thie?
1048 3764 1076 3796 or
1086 3749 1230 3807 havelany
1239 3762 1296 3793 eon-

98 3817 177 3864 ferred
193 3821 219 3863 to
235 3817 278 3864 the
293 3816 413 3863 intention
423 3815 499 3862 which
513 3814 680 3862 leadetorob·
714 3829 770 3862 cern
792 3815 818 3861 in
836 3814 856 3861 it
867 3812 885 3861 ?’
930 3811 1053 3869 ‘Morem'
1078 3817 1119 3859 ‘to
1147 3811 1296 3867 undertake‚’

99 3881 166 3943 bery,
184 3881 269 3928 deecit.
303 3881 421 3942 Compare
432 3880 489 3926 with
505 3880 537 3926 its
550 3880 629 3927 ueeiu
640 3880 682 3927 the
715 3877 832 3940 ‘deeigu’
867 3878 1047 3939 SoLivyxxiii.
1062 3879 1110 3925 39:
1128 3875 1254 3922 “Movere
1269 3890 1297 3923 aa

99 3951 152 3993 tert
162 3946 247 4007 virgil,
259 3945 320 3992 Aen.
330 3960 354 3992 x.
364 3947 410 4000 72:
423 3945 505 3996 “Quia
513 3944 571 3992 dene
582 3945 607 3991 in
619 3945 682 3992 frau-
715 3944 793 3990 moliri
803 3942 920 4004 aliquid.'’

100 4011 163 4067 dem,
192 4024 254 4073 quae
275 4010 336 4057 dura
359 4011 467 4072 potentia
490 4010 566 4057 noetri
592 4008 682 4070 Egit?”
747 4010 787 4056 21.
805 4008 923 4068 Applicat
933 4004 970 4066 ee]
992 4005 1031 4052 He
1047 4003 1154 4051 attachea
1164 4002 1297 4051 himeelito

101 4076 192 4123 Heaut.
211 4075 244 4121 iii.
264 4077 286 4124 1.
304 4076 353 4123 33:
380 4073 436 4122 “Iu
457 4074 556 4121 eandem
576 4074 683 4121 fraudem
715 4069 995 4130 thelatberolChryeie.
1015 4069 1053 4116 He
1061 4068 1171 4115 beoomea
1179 4067 1217 4114 hie
1225 4067 1298 4115 client

101 4155 128 4187 ex
142 4141 187 4187 hae
197 4154 224 4187 re
234 4144 307 4201 atque
318 4154 347 4187 er
358 4139 400 4186 illa
410 4137 527 4186 ineidea.”
715 4152 741 4184 ae
753 4151 767 4183 a
778 4135 903 4196 foreiguer.
937 4133 977 4181 On
992 4134 1035 4181 the
1053 4137 1059 4160 ⁶
1065 4133 1104 4194 jue
1116 4130 1297 4194 applicationia'

135 4207 173 4253 1⁰.
194 4203 363 4265 Carpinatium]
399 4203 498 4251 ‘Solder
511 4201 562 4264 up!
585 4202 683 4250 Thurii
715 4199 857 4252 eeeCioero.
875 4198 914 4245 De
925 4197 993 4245 Orat
1004 4199 1021 4244 i.
1033 4200 1073 4255 39,
1091 4197 1169 4244 where
1179 4196 1221 4243 the
1232 4211 1298 4245 aame

100 4266 682 4330 uuwdbycioerointhaaeoaeof‘tounita!
715 4266 831 4326 laaguage
849 4263 869 4310 ie
889 4263 961 4309 used:
986 4266 1001 4290 ‘⁸
1012 4263 1061 4314 Qui
1078 4262 1180 4310 Romam
1196 4262 1298 4311 inexal·

101 4333 312 4382 SeeDeAmieitia
322 4333 416 4395 eapix.
426 4331 496 4397 (82)=
510 4331 683 4380 “Nameluti·
715 4331 774 4378 lium
785 4329 889 4376 venieeet
905 4328 944 4376 aui
955 4327 1046 4375 Romae
1062 4327 1157 4375 exulare
1171 4327 1212 4388 jue
1226 4331 1298 4386 eeeet,

101 4397 155 4446 litae
165 4398 282 4446 amicitiae
290 4397 473 4460 comedumt,
483 4397 567 4446 eadem
575 4410 683 4446 eommu-
716 4395 773 4443 aiae
784 4393 814 4441 ad
824 4393 927 4456 aliquem
938 4393 1006 4455 quari
1019 4397 1149 4455 patronum
1159 4391 1299 4454 applioevla·

101 4466 151 4511 lata
160 4459 325 4512 dlaaolveret.'’
717 4458 780 4517 aet,”
791 4457 839 4506 aad
849 4457 892 4506 tha
903 4457 1043 4522 Diotionary
1053 4456 1082 4506 oi
1088 4456 1189 4520 Autiqq.
1201 4458 1257 4514 29⁶,
1268 4468 1291 4504 a·
