<?xml version="1.0" encoding="UTF-8"?>
<!DOCTYPE html PUBLIC "-//W3C//DTD XHTML 1.0 Transitional//EN"
    "http://www.w3.org/TR/xhtml1/DTD/xhtml1-transitional.dtd">
<html xmlns="http://www.w3.org/1999/xhtml" xml:lang="en" lang="en">
 <head>
  <title>
</title>
<meta http-equiv="Content-Type" content="text/html;charset=utf-8" />
  <meta name='ocr-system' content='tesseract 3.04.00' />
  <meta name='ocr-capabilities' content='ocr_page ocr_carea ocr_par ocr_line ocrx_word'/>
</head>
<body>
  <div class='ocr_page' id='page_1' title='image "./comoediaesex00parrgoog_0138.png"; bbox 0 0 2918 4854; ppageno 0'>
   <div class='ocr_carea' id='block_1_1' title="bbox 453 301 1308 372">
    <p class='ocr_par' dir='ltr' id='par_1_1' title="bbox 453 301 1308 372">
     <span class='ocr_line' id='line_1_1' title="bbox 453 301 1308 372; baseline 0.007 -6"><span class='ocrx_word' id='word_1_1' title='bbox 453 301 596 368; x_wconf 74' lang='lat' dir='ltr'><strong>Adrus</strong></span> <span class='ocrx_word' id='word_1_2' title='bbox 618 302 678 369; x_wconf 80' lang='lat' dir='ltr'><strong>IV.</strong></span> <span class='ocrx_word' id='word_1_3' title='bbox 724 302 869 369; x_wconf 81' lang='lat' dir='ltr'><strong>SOENA</strong></span> <span class='ocrx_word' id='word_1_4' title='bbox 890 304 951 369; x_wconf 88' lang='lat' dir='ltr'><strong>IV.</strong></span> <span class='ocrx_word' id='word_1_5' title='bbox 1267 310 1308 372; x_wconf 87' lang='grc'><strong>63</strong></span> 
     </span>
    </p>
   </div>
   <div class='ocr_carea' id='block_1_2' title="bbox 185 472 1317 2713">
    <p class='ocr_par' dir='ltr' id='par_1_2' title="bbox 185 472 1308 555">
     <span class='ocr_line' id='line_1_2' title="bbox 185 472 1308 555; baseline 0.005 -19"><span class='ocrx_word' id='word_1_6' title='bbox 185 474 255 555; x_wconf 83' lang='lat' dir='ltr'><strong>My.</strong></span> <span class='ocrx_word' id='word_1_7' title='bbox 280 472 309 536; x_wconf 91' lang='grc' dir='ltr'><strong>Ο</strong></span> <span class='ocrx_word' id='word_1_8' title='bbox 324 473 488 537; x_wconf 92' lang='lat' dir='ltr'><strong>hominem</strong></span> <span class='ocrx_word' id='word_1_9' title='bbox 501 475 663 538; x_wconf 89' lang='lat' dir='ltr'><strong>audacem.</strong></span> <span class='ocrx_word' id='word_1_10' title='bbox 709 476 769 539; x_wconf 82' lang='lat' dir='ltr'><strong>Do.</strong></span> <span class='ocrx_word' id='word_1_11' title='bbox 793 476 924 540; x_wconf 87' lang='lat' dir='ltr'><strong>Verum.</strong></span> <span class='ocrx_word' id='word_1_12' title='bbox 953 475 1032 540; x_wconf 89' lang='lat' dir='ltr'><strong>Vidi</strong></span> <span class='ocrx_word' id='word_1_13' title='bbox 1046 472 1243 541; x_wconf 67' lang='lat' dir='ltr'><strong>Cantharam</strong></span> <span class='ocrx_word' id='word_1_14' title='bbox 1274 496 1308 542; x_wconf 80' lang='lat'><strong>30</strong></span> 
     </span>
    </p>

    <p class='ocr_par' dir='ltr' id='par_1_3' title="bbox 187 571 977 658">
     <span class='ocr_line' id='line_1_3' title="bbox 187 571 977 658; baseline 0.004 -24"><span class='ocrx_word' id='word_1_15' title='bbox 187 571 443 635; x_wconf 80' lang='lat' dir='ltr'><strong>Suffnrcinatam.</strong></span> <span class='ocrx_word' id='word_1_16' title='bbox 488 572 555 653; x_wconf 76' lang='lat' dir='ltr'><strong>My.</strong></span> <span class='ocrx_word' id='word_1_17' title='bbox 579 572 639 637; x_wconf 90' lang='lat' dir='ltr'><strong>Dis</strong></span> <span class='ocrx_word' id='word_1_18' title='bbox 652 573 707 658; x_wconf 94' lang='lat' dir='ltr'><strong>pol</strong></span> <span class='ocrx_word' id='word_1_19' title='bbox 720 574 822 637; x_wconf 92' lang='lat' dir='ltr'><strong>habeo</strong></span> <span class='ocrx_word' id='word_1_20' title='bbox 837 574 977 658; x_wconf 78' lang='lat' dir='ltr'><strong>gratim</strong></span> 
     </span>
    </p>

    <p class='ocr_par' dir='ltr' id='par_1_4' title="bbox 187 670 973 755">
     <span class='ocr_line' id='line_1_4' title="bbox 187 670 973 755; baseline 0.001 -22"><span class='ocrx_word' id='word_1_21' title='bbox 187 670 297 742; x_wconf 82' lang='lat' dir='ltr'><strong>Quum</strong></span> <span class='ocrx_word' id='word_1_22' title='bbox 312 671 347 732; x_wconf 92' lang='lat' dir='ltr'><strong>in</strong></span> <span class='ocrx_word' id='word_1_23' title='bbox 362 670 520 754; x_wconf 88' lang='lat' dir='ltr'><strong>pariundo</strong></span> <span class='ocrx_word' id='word_1_24' title='bbox 535 670 657 755; x_wconf 77' lang='lat' dir='ltr'><strong>aliquot</strong></span> <span class='ocrx_word' id='word_1_25' title='bbox 672 672 831 736; x_wconf 79' lang='lat' dir='ltr'><strong>affucrrmt</strong></span> <span class='ocrx_word' id='word_1_26' title='bbox 846 673 973 735; x_wconf 84' lang='lat' dir='ltr'>liberae.</span> 
     </span>
    </p>

    <p class='ocr_par' dir='ltr' id='par_1_5' title="bbox 187 767 1158 855">
     <span class='ocr_line' id='line_1_5' title="bbox 187 767 1158 855; baseline 0.003 -24"><span class='ocrx_word' id='word_1_27' title='bbox 187 769 250 831; x_wconf 85' lang='lat' dir='ltr'><strong>Da.</strong></span> <span class='ocrx_word' id='word_1_28' title='bbox 275 768 326 831; x_wconf 91' lang='lat' dir='ltr'><strong>Ne</strong></span> <span class='ocrx_word' id='word_1_29' title='bbox 340 767 397 832; x_wconf 89' lang='lat' dir='ltr'><strong>illa</strong></span> <span class='ocrx_word' id='word_1_30' title='bbox 411 767 506 831; x_wconf 88' lang='lat' dir='ltr'><strong>illum</strong></span> <span class='ocrx_word' id='word_1_31' title='bbox 520 768 608 831; x_wconf 91' lang='lat' dir='ltr'><strong>haud</strong></span> <span class='ocrx_word' id='word_1_32' title='bbox 621 771 713 834; x_wconf 86' lang='lat' dir='ltr'><strong>novit</strong></span> <span class='ocrx_word' id='word_1_33' title='bbox 728 770 818 855; x_wconf 88' lang='lat' dir='ltr'><strong>cujus</strong></span> <span class='ocrx_word' id='word_1_34' title='bbox 833 793 927 834; x_wconf 85' lang='lat' dir='ltr'><strong>causa</strong></span> <span class='ocrx_word' id='word_1_35' title='bbox 942 771 1019 833; x_wconf 87' lang='lat' dir='ltr'><strong>haec</strong></span> <span class='ocrx_word' id='word_1_36' title='bbox 1034 770 1158 855; x_wconf 84' lang='lat' dir='ltr'><strong>incipit.</strong></span> 
     </span>
    </p>

    <p class='ocr_par' dir='ltr' id='par_1_6' title="bbox 189 865 1017 950">
     <span class='ocr_line' id='line_1_6' title="bbox 189 865 1017 950; baseline 0.002 -22"><span class='ocrx_word' id='word_1_37' title='bbox 189 865 342 929; x_wconf 81' lang='lat' dir='ltr'>Chremes</span> <span class='ocrx_word' id='word_1_38' title='bbox 356 865 384 929; x_wconf 93' lang='lat' dir='ltr'><strong>si</strong></span> <span class='ocrx_word' id='word_1_39' title='bbox 398 866 537 949; x_wconf 88' lang='lat' dir='ltr'><strong>positum</strong></span> <span class='ocrx_word' id='word_1_40' title='bbox 551 889 686 950; x_wconf 89' lang='lat' dir='ltr'><strong>puerum</strong></span> <span class='ocrx_word' id='word_1_41' title='bbox 702 875 777 931; x_wconf 87' lang='lat' dir='ltr'><strong>ante</strong></span> <span class='ocrx_word' id='word_1_42' title='bbox 792 868 884 930; x_wconf 88' lang='lat' dir='ltr'><strong>aedes</strong></span> <span class='ocrx_word' id='word_1_43' title='bbox 898 867 1017 932; x_wconf 82' lang='lat' dir='ltr'><strong>viderit</strong></span> 
     </span>
    </p>

    <p class='ocr_par' dir='ltr' id='par_1_7' title="bbox 187 963 1305 1048">
     <span class='ocr_line' id='line_1_7' title="bbox 187 963 1305 1048; baseline 0.004 -22"><span class='ocrx_word' id='word_1_44' title='bbox 187 963 288 1027; x_wconf 83' lang='lat' dir='ltr'><strong>Suam</strong></span> <span class='ocrx_word' id='word_1_45' title='bbox 303 971 435 1047; x_wconf 83' lang='lat' dir='ltr'><strong>gnatam</strong></span> <span class='ocrx_word' id='word_1_46' title='bbox 450 986 515 1027; x_wconf 91' lang='lat' dir='ltr'><strong>non</strong></span> <span class='ocrx_word' id='word_1_47' title='bbox 530 965 645 1028; x_wconf 80' lang='lat' dir='ltr'><strong>dabit?</strong></span> <span class='ocrx_word' id='word_1_48' title='bbox 689 965 793 1029; x_wconf 83' lang='lat' dir='ltr'><strong>Tanto</strong></span> <span class='ocrx_word' id='word_1_49' title='bbox 808 965 914 1028; x_wconf 90' lang='lat' dir='ltr'><strong>hercle</strong></span> <span class='ocrx_word' id='word_1_50' title='bbox 929 965 1033 1048; x_wconf 85' lang='lat' dir='ltr'><strong>magis</strong></span> <span class='ocrx_word' id='word_1_51' title='bbox 1048 966 1146 1029; x_wconf 85' lang='lat' dir='ltr'><strong>dabit.</strong></span> <span class='ocrx_word' id='word_1_52' title='bbox 1271 983 1305 1032; x_wconf 81' lang='lat'><strong>35</strong></span> 
     </span>
    </p>

    <p class='ocr_par' dir='ltr' id='par_1_8' title="bbox 191 1060 1192 1141">
     <span class='ocr_line' id='line_1_8' title="bbox 191 1060 1192 1141; baseline 0.002 -15"><span class='ocrx_word' id='word_1_53' title='bbox 191 1060 248 1126; x_wconf 78' lang='lat' dir='ltr'><strong>Oh.</strong></span> <span class='ocrx_word' id='word_1_54' title='bbox 272 1061 347 1125; x_wconf 89' lang='lat' dir='ltr'><strong>Non</strong></span> <span class='ocrx_word' id='word_1_55' title='bbox 361 1060 468 1125; x_wconf 88' lang='lat' dir='ltr'><strong>hercle</strong></span> <span class='ocrx_word' id='word_1_56' title='bbox 482 1061 587 1126; x_wconf 83' lang='lat' dir='ltr'><strong>faciet.</strong></span> <span class='ocrx_word' id='word_1_57' title='bbox 632 1063 692 1125; x_wconf 82' lang='lat' dir='ltr'><strong>Da.</strong></span> <span class='ocrx_word' id='word_1_58' title='bbox 716 1062 749 1126; x_wconf 89' lang='lat' dir='ltr'>N</span> <span class='ocrx_word' id='word_1_59' title='bbox 749 1085 813 1131; x_wconf 86' lang='lat' dir='ltr'><strong>unc</strong></span> <span class='ocrx_word' id='word_1_60' title='bbox 828 1063 906 1127; x_wconf 91' lang='lat' dir='ltr'><strong>adeo</strong></span> <span class='ocrx_word' id='word_1_61' title='bbox 921 1071 958 1126; x_wconf 89' lang='lat' dir='ltr'><strong>ut</strong></span> <span class='ocrx_word' id='word_1_62' title='bbox 973 1071 1009 1126; x_wconf 89' lang='lat' dir='ltr'><strong>tu</strong></span> <span class='ocrx_word' id='word_1_63' title='bbox 1024 1064 1067 1127; x_wconf 92' lang='lat' dir='ltr'><strong>sis</strong></span> <span class='ocrx_word' id='word_1_64' title='bbox 1081 1064 1192 1141; x_wconf 90' lang='lat' dir='ltr'><strong>sciens,</strong></span> 
     </span>
    </p>

    <p class='ocr_par' dir='ltr' id='par_1_9' title="bbox 188 1159 1074 1246">
     <span class='ocr_line' id='line_1_9' title="bbox 188 1159 1074 1246; baseline 0.003 -25"><span class='ocrx_word' id='word_1_65' title='bbox 188 1159 262 1222; x_wconf 89' lang='lat' dir='ltr'><strong>Nisi</strong></span> <span class='ocrx_word' id='word_1_66' title='bbox 276 1182 412 1243; x_wconf 87' lang='lat' dir='ltr'><strong>puerum</strong></span> <span class='ocrx_word' id='word_1_67' title='bbox 426 1159 513 1224; x_wconf 84' lang='lat' dir='ltr'><strong>tollis</strong></span> <span class='ocrx_word' id='word_1_68' title='bbox 523 1161 593 1246; x_wconf 88' lang='lat' dir='ltr'><strong>jam</strong></span> <span class='ocrx_word' id='word_1_69' title='bbox 607 1183 667 1246; x_wconf 85' lang='lat' dir='ltr'><strong>ego</strong></span> <span class='ocrx_word' id='word_1_70' title='bbox 682 1161 769 1225; x_wconf 89' lang='lat' dir='ltr'><strong>hunc</strong></span> <span class='ocrx_word' id='word_1_71' title='bbox 784 1161 819 1224; x_wconf 91' lang='lat' dir='ltr'><strong>in</strong></span> <span class='ocrx_word' id='word_1_72' title='bbox 833 1160 972 1224; x_wconf 88' lang='lat' dir='ltr'><strong>mediam</strong></span> <span class='ocrx_word' id='word_1_73' title='bbox 986 1161 1074 1224; x_wconf 80' lang='lat' dir='ltr'><strong>viam</strong></span> 
     </span>
    </p>

    <p class='ocr_par' dir='ltr' id='par_1_10' title="bbox 188 1256 997 1342">
     <span class='ocr_line' id='line_1_10' title="bbox 188 1256 997 1342; baseline 0.001 -23"><span class='ocrx_word' id='word_1_74' title='bbox 188 1256 399 1321; x_wconf 82' lang='lat' dir='ltr'><strong>vaolvam:</strong></span> <span class='ocrx_word' id='word_1_75' title='bbox 424 1265 518 1342; x_wconf 86' lang='lat' dir='ltr'><strong>teque</strong></span> <span class='ocrx_word' id='word_1_76' title='bbox 533 1258 654 1323; x_wconf 88' lang='lat' dir='ltr'><strong>ibidem</strong></span> <span class='ocrx_word' id='word_1_77' title='bbox 668 1258 855 1342; x_wconf 82' lang='lat' dir='ltr'>pervolvam</span> <span class='ocrx_word' id='word_1_78' title='bbox 869 1257 904 1320; x_wconf 92' lang='lat' dir='ltr'><strong>in</strong></span> <span class='ocrx_word' id='word_1_79' title='bbox 920 1257 997 1322; x_wconf 84' lang='lat' dir='ltr'><strong>luto.</strong></span> 
     </span>
    </p>

    <p class='ocr_par' dir='ltr' id='par_1_11' title="bbox 188 1352 1055 1439">
     <span class='ocr_line' id='line_1_11' title="bbox 188 1352 1055 1439; baseline 0.005 -23"><span class='ocrx_word' id='word_1_80' title='bbox 188 1355 255 1435; x_wconf 74' lang='lat' dir='ltr'><strong>My.</strong></span> <span class='ocrx_word' id='word_1_81' title='bbox 280 1354 329 1417; x_wconf 86' lang='lat' dir='ltr'><strong>Tu</strong></span> <span class='ocrx_word' id='word_1_82' title='bbox 343 1354 397 1439; x_wconf 94' lang='lat' dir='ltr'><strong>pol</strong></span> <span class='ocrx_word' id='word_1_83' title='bbox 411 1355 507 1420; x_wconf 92' lang='lat' dir='ltr'><strong>homo</strong></span> <span class='ocrx_word' id='word_1_84' title='bbox 521 1379 587 1421; x_wconf 92' lang='lat' dir='ltr'><strong>non</strong></span> <span class='ocrx_word' id='word_1_85' title='bbox 602 1380 635 1421; x_wconf 91' lang='lat' dir='ltr'><strong>cs</strong></span> <span class='ocrx_word' id='word_1_86' title='bbox 650 1358 781 1421; x_wconf 87' lang='lat' dir='ltr'><strong>sobrius.</strong></span> <span class='ocrx_word' id='word_1_87' title='bbox 827 1356 887 1419; x_wconf 83' lang='lat' dir='ltr'><strong>Do.</strong></span> <span class='ocrx_word' id='word_1_88' title='bbox 912 1352 1055 1420; x_wconf 77' lang='lat' dir='ltr'><strong>Fallacia</strong></span> 
     </span>
    </p>

    <p class='ocr_par' dir='ltr' id='par_1_12' title="bbox 188 1451 1306 1542">
     <span class='ocr_line' id='line_1_12' title="bbox 188 1451 1306 1542; baseline 0.004 -27"><span class='ocrx_word' id='word_1_89' title='bbox 188 1451 265 1516; x_wconf 87' lang='lat' dir='ltr'><strong>Alia</strong></span> <span class='ocrx_word' id='word_1_90' title='bbox 280 1453 377 1516; x_wconf 86' lang='lat' dir='ltr'><strong>aliam</strong></span> <span class='ocrx_word' id='word_1_91' title='bbox 391 1453 512 1531; x_wconf 81' lang='lat' dir='ltr'><strong>trudit3</strong></span> <span class='ocrx_word' id='word_1_92' title='bbox 531 1455 602 1542; x_wconf 87' lang='lat' dir='ltr'><strong>jam</strong></span> <span class='ocrx_word' id='word_1_93' title='bbox 616 1454 775 1518; x_wconf 83' lang='lat' dir='ltr'><strong>susurrari</strong></span> <span class='ocrx_word' id='word_1_94' title='bbox 790 1454 885 1519; x_wconf 87' lang='lat' dir='ltr'><strong>audio</strong></span> <span class='ocrx_word' id='word_1_95' title='bbox 1271 1475 1306 1521; x_wconf 81' lang='lat'><strong>40</strong></span> 
     </span>
    </p>

    <p class='ocr_par' dir='ltr' id='par_1_13' title="bbox 189 1550 1276 1638">
     <span class='ocr_line' id='line_1_13' title="bbox 189 1550 1276 1638; baseline 0.004 -25"><span class='ocrx_word' id='word_1_96' title='bbox 189 1550 301 1614; x_wconf 84' lang='lat' dir='ltr'><strong>Oivem</strong></span> <span class='ocrx_word' id='word_1_97' title='bbox 319 1551 461 1615; x_wconf 85' lang='lat' dir='ltr'><strong>Atticam</strong></span> <span class='ocrx_word' id='word_1_98' title='bbox 476 1575 542 1616; x_wconf 87' lang='lat' dir='ltr'><strong>esse</strong></span> <span class='ocrx_word' id='word_1_99' title='bbox 557 1552 650 1616; x_wconf 91' lang='lat' dir='ltr'><strong>hano.</strong></span> <span class='ocrx_word' id='word_1_100' title='bbox 700 1553 754 1617; x_wconf 79' lang='lat' dir='ltr'><strong>Oh.</strong></span> <span class='ocrx_word' id='word_1_101' title='bbox 779 1552 860 1615; x_wconf 85' lang='lat' dir='ltr'><strong>Eho.</strong></span> <span class='ocrx_word' id='word_1_102' title='bbox 914 1552 975 1616; x_wconf 84' lang='lat' dir='ltr'><strong>Do.</strong></span> <span class='ocrx_word' id='word_1_103' title='bbox 1000 1551 1135 1617; x_wconf 81' lang='lat' dir='ltr'><strong>Coactus</strong></span> <span class='ocrx_word' id='word_1_104' title='bbox 1151 1553 1276 1638; x_wconf 87' lang='lat' dir='ltr'><strong>legibus</strong></span> 
     </span>
    </p>

    <p class='ocr_par' dir='ltr' id='par_1_14' title="bbox 188 1649 1190 1731">
     <span class='ocr_line' id='line_1_14' title="bbox 188 1649 1190 1731; baseline 0.004 -19"><span class='ocrx_word' id='word_1_105' title='bbox 188 1649 271 1712; x_wconf 86' lang='lat' dir='ltr'><strong>Eam</strong></span> <span class='ocrx_word' id='word_1_106' title='bbox 284 1671 418 1712; x_wconf 88' lang='lat' dir='ltr'><strong>uxorem</strong></span> <span class='ocrx_word' id='word_1_107' title='bbox 433 1649 536 1713; x_wconf 89' lang='lat' dir='ltr'><strong>ducet.</strong></span> <span class='ocrx_word' id='word_1_108' title='bbox 581 1650 648 1731; x_wconf 77' lang='lat' dir='ltr'><strong>My.</strong></span> <span class='ocrx_word' id='word_1_109' title='bbox 672 1650 727 1713; x_wconf 85' lang='lat' dir='ltr'><strong>Au</strong></span> <span class='ocrx_word' id='word_1_110' title='bbox 741 1651 869 1716; x_wconf 87' lang='lat' dir='ltr'><strong>obsecro</strong></span> <span class='ocrx_word' id='word_1_111' title='bbox 884 1674 926 1715; x_wconf 90' lang='lat' dir='ltr'><strong>an</strong></span> <span class='ocrx_word' id='word_1_112' title='bbox 941 1674 1007 1714; x_wconf 94' lang='lat' dir='ltr'><strong>non</strong></span> <span class='ocrx_word' id='word_1_113' title='bbox 1022 1651 1101 1716; x_wconf 81' lang='lat' dir='ltr'><strong>civis</strong></span> <span class='ocrx_word' id='word_1_114' title='bbox 1116 1652 1190 1716; x_wconf 78' lang='lat' dir='ltr'><strong>est?</strong></span> 
     </span>
    </p>

    <p class='ocr_par' dir='ltr' id='par_1_15' title="bbox 192 1746 1045 1835">
     <span class='ocr_line' id='line_1_15' title="bbox 192 1746 1045 1835; baseline 0.004 -25"><span class='ocrx_word' id='word_1_115' title='bbox 192 1746 247 1810; x_wconf 73' lang='lat' dir='ltr'><strong>Gi.</strong></span> <span class='ocrx_word' id='word_1_116' title='bbox 270 1747 293 1810; x_wconf 89' lang='lat' dir='ltr'>J</span> <span class='ocrx_word' id='word_1_117' title='bbox 293 1747 469 1811; x_wconf 87' lang='lat' dir='ltr'><strong>ocularium</strong></span> <span class='ocrx_word' id='word_1_118' title='bbox 484 1747 519 1810; x_wconf 92' lang='lat' dir='ltr'><strong>in</strong></span> <span class='ocrx_word' id='word_1_119' title='bbox 533 1747 655 1811; x_wconf 88' lang='lat' dir='ltr'><strong>malum</strong></span> <span class='ocrx_word' id='word_1_120' title='bbox 670 1747 807 1812; x_wconf 86' lang='lat' dir='ltr'><strong>insciens</strong></span> <span class='ocrx_word' id='word_1_121' title='bbox 822 1772 922 1835; x_wconf 89' lang='lat' dir='ltr'><strong>paene</strong></span> <span class='ocrx_word' id='word_1_122' title='bbox 937 1750 1045 1813; x_wconf 91' lang='lat' dir='ltr'><strong>incidi.</strong></span> 
     </span>
    </p>

    <p class='ocr_par' dir='ltr' id='par_1_16' title="bbox 186 1843 1175 1932">
     <span class='ocr_line' id='line_1_16' title="bbox 186 1843 1175 1932; baseline 0.003 -25"><span class='ocrx_word' id='word_1_123' title='bbox 186 1845 248 1907; x_wconf 84' lang='lat' dir='ltr'><strong>Du.</strong></span> <span class='ocrx_word' id='word_1_124' title='bbox 273 1843 353 1915; x_wconf 82' lang='lat' dir='ltr'><strong>Quis</strong></span> <span class='ocrx_word' id='word_1_125' title='bbox 367 1844 420 1907; x_wconf 91' lang='lat' dir='ltr'><strong>hic</strong></span> <span class='ocrx_word' id='word_1_126' title='bbox 435 1844 603 1929; x_wconf 79' lang='lat' dir='ltr'><strong>loquitur?</strong></span> <span class='ocrx_word' id='word_1_127' title='bbox 625 1869 644 1909; x_wconf 99' lang='lat' dir='ltr'><strong>o</strong></span> <span class='ocrx_word' id='word_1_128' title='bbox 660 1843 805 1922; x_wconf 77' lang='lat' dir='ltr'><strong>Chreme,</strong></span> <span class='ocrx_word' id='word_1_129' title='bbox 821 1870 879 1931; x_wconf 91' lang='lat' dir='ltr'><strong>per</strong></span> <span class='ocrx_word' id='word_1_130' title='bbox 894 1856 1019 1932; x_wconf 85' lang='lat' dir='ltr'><strong>tempus</strong></span> <span class='ocrx_word' id='word_1_131' title='bbox 1035 1847 1175 1912; x_wconf 85' lang='lat' dir='ltr'><strong>advenis.</strong></span> 
     </span>
    </p>

    <p class='ocr_par' dir='ltr' id='par_1_17' title="bbox 187 1941 1305 2030">
     <span class='ocr_line' id='line_1_17' title="bbox 187 1941 1305 2030; baseline 0.004 -25"><span class='ocrx_word' id='word_1_132' title='bbox 187 1941 352 2006; x_wconf 80' lang='lat' dir='ltr'><strong>Ausculta.</strong></span> <span class='ocrx_word' id='word_1_133' title='bbox 388 1943 443 2006; x_wconf 74' lang='lat' dir='ltr'><strong>Os.</strong></span> <span class='ocrx_word' id='word_1_134' title='bbox 460 1942 583 2007; x_wconf 85' lang='lat' dir='ltr'><strong>Audivi</strong></span> <span class='ocrx_word' id='word_1_135' title='bbox 593 1944 663 2030; x_wconf 87' lang='lat' dir='ltr'><strong>jam</strong></span> <span class='ocrx_word' id='word_1_136' title='bbox 678 1945 794 2008; x_wconf 89' lang='lat' dir='ltr'><strong>omnia.</strong></span> <span class='ocrx_word' id='word_1_137' title='bbox 826 1946 886 2008; x_wconf 85' lang='lat' dir='ltr'><strong>Do.</strong></span> <span class='ocrx_word' id='word_1_138' title='bbox 903 1944 959 2008; x_wconf 77' lang='lat' dir='ltr'><strong>Ah</strong></span> <span class='ocrx_word' id='word_1_139' title='bbox 974 1969 1034 2009; x_wconf 91' lang='lat' dir='ltr'><strong>nae</strong></span> <span class='ocrx_word' id='word_1_140' title='bbox 1050 1954 1086 2009; x_wconf 90' lang='lat' dir='ltr'><strong>tu</strong></span> <span class='ocrx_word' id='word_1_141' title='bbox 1098 1946 1224 2010; x_wconf 82' lang='lat' dir='ltr'><strong>omnia!</strong></span> <span class='ocrx_word' id='word_1_142' title='bbox 1270 1964 1305 2011; x_wconf 81' lang='lat'><strong>45</strong></span> 
     </span>
    </p>

    <p class='ocr_par' dir='ltr' id='par_1_18' title="bbox 191 2040 1305 2203">
     <span class='ocr_line' id='line_1_18' title="bbox 191 2040 1305 2129; baseline 0.004 -25"><span class='ocrx_word' id='word_1_143' title='bbox 191 2040 246 2104; x_wconf 76' lang='lat' dir='ltr'><strong>Ol.</strong></span> <span class='ocrx_word' id='word_1_144' title='bbox 270 2040 401 2119; x_wconf 85' lang='lat' dir='ltr'><strong>Audivi,</strong></span> <span class='ocrx_word' id='word_1_145' title='bbox 429 2042 570 2128; x_wconf 88' lang='lat' dir='ltr'><strong>inquam,</strong></span> <span class='ocrx_word' id='word_1_146' title='bbox 598 2067 617 2107; x_wconf 87' lang='lat' dir='ltr'><strong>a</strong></span> <span class='ocrx_word' id='word_1_147' title='bbox 642 2044 811 2129; x_wconf 86' lang='lat' dir='ltr'><strong>principio.</strong></span> <span class='ocrx_word' id='word_1_148' title='bbox 856 2045 917 2107; x_wconf 81' lang='lat' dir='ltr'><strong>Du.</strong></span> <span class='ocrx_word' id='word_1_149' title='bbox 949 2045 1123 2109; x_wconf 84' lang='lat' dir='ltr'><strong>Audistine</strong></span> <span class='ocrx_word' id='word_1_150' title='bbox 1152 2045 1305 2109; x_wconf 75' lang='lat' dir='ltr'><strong>obsecro?</strong></span> 
     </span>
     <span class='ocr_line' id='line_1_19' title="bbox 231 2139 319 2203; baseline 0 0"><span class='ocrx_word' id='word_1_151' title='bbox 231 2139 319 2203; x_wconf 91' lang='lat' dir='ltr'><strong>Hem</strong></span> 
     </span>
    </p>

    <p class='ocr_par' dir='ltr' id='par_1_19' title="bbox 187 2236 1099 2323">
     <span class='ocr_line' id='line_1_20' title="bbox 187 2236 1099 2323; baseline 0.003 -23"><span class='ocrx_word' id='word_1_152' title='bbox 187 2236 323 2313; x_wconf 83' lang='lat' dir='ltr'><strong>Scelere,</strong></span> <span class='ocrx_word' id='word_1_153' title='bbox 338 2237 422 2301; x_wconf 86' lang='lat' dir='ltr'><strong>hano</strong></span> <span class='ocrx_word' id='word_1_154' title='bbox 432 2237 503 2323; x_wconf 84' lang='lat' dir='ltr'><strong>jam</strong></span> <span class='ocrx_word' id='word_1_155' title='bbox 517 2246 641 2322; x_wconf 85' lang='lat' dir='ltr'><strong>oportet</strong></span> <span class='ocrx_word' id='word_1_156' title='bbox 657 2238 692 2301; x_wconf 93' lang='lat' dir='ltr'><strong>in</strong></span> <span class='ocrx_word' id='word_1_157' title='bbox 707 2237 883 2301; x_wconf 88' lang='lat' dir='ltr'><strong>cruciatum</strong></span> <span class='ocrx_word' id='word_1_158' title='bbox 895 2237 971 2303; x_wconf 88' lang='lat' dir='ltr'><strong>hinc</strong></span> <span class='ocrx_word' id='word_1_159' title='bbox 986 2240 1099 2323; x_wconf 86' lang='lat' dir='ltr'><strong>abripi.</strong></span> 
     </span>
    </p>

    <p class='ocr_par' dir='ltr' id='par_1_20' title="bbox 187 2334 943 2400">
     <span class='ocr_line' id='line_1_21' title="bbox 187 2334 943 2400; baseline 0.001 -2"><span class='ocrx_word' id='word_1_160' title='bbox 187 2334 254 2398; x_wconf 87' lang='lat' dir='ltr'><strong>Hie</strong></span> <span class='ocrx_word' id='word_1_161' title='bbox 269 2342 316 2398; x_wconf 86' lang='lat' dir='ltr'><strong>est</strong></span> <span class='ocrx_word' id='word_1_162' title='bbox 331 2335 404 2398; x_wconf 90' lang='lat' dir='ltr'><strong>ille:</strong></span> <span class='ocrx_word' id='word_1_163' title='bbox 428 2357 493 2399; x_wconf 92' lang='lat' dir='ltr'><strong>non</strong></span> <span class='ocrx_word' id='word_1_164' title='bbox 509 2343 541 2399; x_wconf 90' lang='lat' dir='ltr'><strong>te</strong></span> <span class='ocrx_word' id='word_1_165' title='bbox 556 2336 665 2400; x_wconf 87' lang='lat' dir='ltr'><strong>credas</strong></span> <span class='ocrx_word' id='word_1_166' title='bbox 681 2336 810 2399; x_wconf 88' lang='lat' dir='ltr'><strong>Davum</strong></span> <span class='ocrx_word' id='word_1_167' title='bbox 824 2335 943 2399; x_wconf 89' lang='lat' dir='ltr'><strong>ludere.</strong></span> 
     </span>
    </p>

    <p class='ocr_par' dir='ltr' id='par_1_21' title="bbox 186 2432 1048 2518">
     <span class='ocr_line' id='line_1_22' title="bbox 186 2432 1048 2518; baseline 0.003 -23"><span class='ocrx_word' id='word_1_168' title='bbox 186 2433 255 2514; x_wconf 79' lang='lat' dir='ltr'><strong>My.</strong></span> <span class='ocrx_word' id='word_1_169' title='bbox 280 2432 335 2495; x_wconf 86' lang='lat' dir='ltr'><strong>Me</strong></span> <span class='ocrx_word' id='word_1_170' title='bbox 349 2432 498 2497; x_wconf 89' lang='lat' dir='ltr'><strong>miseram</strong></span> <span class='ocrx_word' id='word_1_171' title='bbox 512 2456 519 2497; x_wconf 75' lang='grc' dir='ltr'><em>τ</em></span> <span class='ocrx_word' id='word_1_172' title='bbox 542 2434 626 2497; x_wconf 92' lang='lat' dir='ltr'><strong>nihil</strong></span> <span class='ocrx_word' id='word_1_173' title='bbox 640 2434 694 2518; x_wconf 93' lang='lat' dir='ltr'><strong>pol</strong></span> <span class='ocrx_word' id='word_1_174' title='bbox 709 2433 782 2497; x_wconf 84' lang='lat' dir='ltr'><strong>falsi</strong></span> <span class='ocrx_word' id='word_1_175' title='bbox 797 2433 867 2496; x_wconf 86' lang='lat' dir='ltr'><strong>dixi</strong></span> <span class='ocrx_word' id='word_1_176' title='bbox 881 2433 929 2508; x_wconf 82' lang='lat' dir='ltr'><strong>mi</strong></span> <span class='ocrx_word' id='word_1_177' title='bbox 942 2458 1048 2499; x_wconf 87' lang='lat' dir='ltr'><strong>senex.</strong></span> 
     </span>
    </p>

    <p class='ocr_par' dir='ltr' id='par_1_22' title="bbox 191 2528 1317 2713">
     <span class='ocr_line' id='line_1_23' title="bbox 191 2528 1305 2615; baseline 0.003 -21"><span class='ocrx_word' id='word_1_178' title='bbox 191 2529 247 2595; x_wconf 71' lang='lat' dir='ltr'><strong>Oh.</strong></span> <span class='ocrx_word' id='word_1_179' title='bbox 272 2528 357 2594; x_wconf 89' lang='lat' dir='ltr'><strong>Novi</strong></span> <span class='ocrx_word' id='word_1_180' title='bbox 372 2554 441 2593; x_wconf 89' lang='lat' dir='ltr'><strong>rem</strong></span> <span class='ocrx_word' id='word_1_181' title='bbox 459 2553 605 2596; x_wconf 89' lang='lat' dir='ltr'><strong>omnem:</strong></span> <span class='ocrx_word' id='word_1_182' title='bbox 629 2538 677 2596; x_wconf 89' lang='lat' dir='ltr'><strong>est</strong></span> <span class='ocrx_word' id='word_1_183' title='bbox 699 2531 787 2595; x_wconf 88' lang='lat' dir='ltr'><strong>Simo</strong></span> <span class='ocrx_word' id='word_1_184' title='bbox 808 2532 922 2595; x_wconf 81' lang='lat' dir='ltr'><strong>intus?</strong></span> <span class='ocrx_word' id='word_1_185' title='bbox 965 2533 1026 2597; x_wconf 85' lang='lat' dir='ltr'><strong>Du.</strong></span> <span class='ocrx_word' id='word_1_186' title='bbox 1050 2532 1118 2596; x_wconf 87' lang='lat' dir='ltr'><strong>Est.</strong></span> <span class='ocrx_word' id='word_1_187' title='bbox 1163 2534 1230 2615; x_wconf 77' lang='lat' dir='ltr'><strong>My.</strong></span> <span class='ocrx_word' id='word_1_188' title='bbox 1254 2532 1305 2598; x_wconf 90' lang='lat' dir='ltr'><strong>Ne</strong></span> 
     </span>
     <span class='ocr_line' id='line_1_24' title="bbox 231 2617 1317 2713; baseline 0.001 -21"><span class='ocrx_word' id='word_1_189' title='bbox 231 2652 283 2692; x_wconf 91' lang='lat' dir='ltr'><strong>me</strong></span> <span class='ocrx_word' id='word_1_190' title='bbox 298 2628 416 2713; x_wconf 86' lang='lat' dir='ltr'><strong>attigas</strong></span> <span class='ocrx_word' id='word_1_191' title='bbox 1007 2617 1010 2626; x_wconf 44' lang='lat'>¹</span> <span class='ocrx_word' id='word_1_192' title='bbox 1271 2621 1317 2694; x_wconf 69' lang='lat'><strong>50⁴</strong></span> 
     </span>
    </p>
   </div>
   <div class='ocr_carea' id='block_1_3' title="bbox 186 2725 1248 3106">
    <p class='ocr_par' dir='ltr' id='par_1_23' title="bbox 186 2725 990 2813">
     <span class='ocr_line' id='line_1_25' title="bbox 186 2725 990 2813; baseline 0.001 -23"><span class='ocrx_word' id='word_1_193' title='bbox 186 2725 333 2790; x_wconf 78' lang='lat' dir='ltr'><strong>Scelesta.</strong></span> <span class='ocrx_word' id='word_1_194' title='bbox 379 2725 413 2789; x_wconf 89' lang='lat' dir='ltr'><strong>Si</strong></span> <span class='ocrx_word' id='word_1_195' title='bbox 428 2726 482 2810; x_wconf 93' lang='lat' dir='ltr'><strong>pol</strong></span> <span class='ocrx_word' id='word_1_196' title='bbox 498 2725 648 2813; x_wconf 86' lang='lat' dir='ltr'><strong>Glycerio</strong></span> <span class='ocrx_word' id='word_1_197' title='bbox 664 2751 728 2791; x_wconf 92' lang='lat' dir='ltr'><strong>uon</strong></span> <span class='ocrx_word' id='word_1_198' title='bbox 743 2727 852 2790; x_wconf 87' lang='lat' dir='ltr'><strong>omnia</strong></span> <span class='ocrx_word' id='word_1_199' title='bbox 867 2727 990 2791; x_wconf 91' lang='lat' dir='ltr'><strong>haec-</strong></span> 
     </span>
    </p>

    <p class='ocr_par' dir='ltr' id='par_1_24' title="bbox 186 2822 1248 3007">
     <span class='ocr_line' id='line_1_26' title="bbox 186 2822 1248 2910; baseline 0.002 -22"><span class='ocrx_word' id='word_1_200' title='bbox 186 2824 249 2888; x_wconf 88' lang='lat' dir='ltr'><strong>Da.</strong></span> <span class='ocrx_word' id='word_1_201' title='bbox 272 2823 345 2887; x_wconf 85' lang='lat' dir='ltr'><strong>Eho</strong></span> <span class='ocrx_word' id='word_1_202' title='bbox 360 2822 469 2908; x_wconf 85' lang='lat' dir='ltr'><strong>inepta</strong></span> <span class='ocrx_word' id='word_1_203' title='bbox 484 2825 586 2888; x_wconf 87' lang='lat' dir='ltr'><strong>nescis</strong></span> <span class='ocrx_word' id='word_1_204' title='bbox 601 2826 680 2910; x_wconf 89' lang='lat' dir='ltr'><strong>quid</strong></span> <span class='ocrx_word' id='word_1_205' title='bbox 694 2826 736 2889; x_wconf 90' lang='lat' dir='ltr'><strong>sit</strong></span> <span class='ocrx_word' id='word_1_206' title='bbox 752 2826 885 2889; x_wconf 79' lang='lat' dir='ltr'><strong>actum?</strong></span> <span class='ocrx_word' id='word_1_207' title='bbox 929 2825 996 2906; x_wconf 79' lang='lat' dir='ltr'><strong>My.</strong></span> <span class='ocrx_word' id='word_1_208' title='bbox 1022 2824 1108 2896; x_wconf 81' lang='lat' dir='ltr'><strong>Quid</strong></span> <span class='ocrx_word' id='word_1_209' title='bbox 1123 2825 1248 2890; x_wconf 77' lang='lat' dir='ltr'><strong>sciam?</strong></span> 
     </span>
     <span class='ocr_line' id='line_1_27' title="bbox 187 2921 1066 3007; baseline 0.002 -23"><span class='ocrx_word' id='word_1_210' title='bbox 187 2922 249 2984; x_wconf 84' lang='lat' dir='ltr'><strong>Da.</strong></span> <span class='ocrx_word' id='word_1_211' title='bbox 272 2921 337 2986; x_wconf 88' lang='lat' dir='ltr'><strong>Hie</strong></span> <span class='ocrx_word' id='word_1_212' title='bbox 352 2944 439 2986; x_wconf 88' lang='lat' dir='ltr'><strong>socer</strong></span> <span class='ocrx_word' id='word_1_213' title='bbox 454 2930 510 2986; x_wconf 88' lang='lat' dir='ltr'><strong>est.</strong></span> <span class='ocrx_word' id='word_1_214' title='bbox 555 2922 632 2986; x_wconf 86' lang='lat' dir='ltr'><strong>Alio</strong></span> <span class='ocrx_word' id='word_1_215' title='bbox 646 2931 740 3007; x_wconf 89' lang='lat' dir='ltr'><strong>pacto</strong></span> <span class='ocrx_word' id='word_1_216' title='bbox 755 2923 842 2986; x_wconf 90' lang='lat' dir='ltr'><strong>haud</strong></span> <span class='ocrx_word' id='word_1_217' title='bbox 855 2930 980 3007; x_wconf 83' lang='lat' dir='ltr'><strong>poterat</strong></span> <span class='ocrx_word' id='word_1_218' title='bbox 996 2923 1066 2986; x_wconf 86' lang='lat' dir='ltr'><strong>fieri</strong></span> 
     </span>
    </p>

    <p class='ocr_par' dir='ltr' id='par_1_25' title="bbox 187 3018 1067 3106">
     <span class='ocr_line' id='line_1_28' title="bbox 187 3018 1067 3106; baseline 0.001 -23"><span class='ocrx_word' id='word_1_219' title='bbox 187 3018 236 3083; x_wconf 90' lang='lat' dir='ltr'><strong>Ut</strong></span> <span class='ocrx_word' id='word_1_220' title='bbox 251 3020 345 3084; x_wconf 91' lang='lat' dir='ltr'><strong>sciret</strong></span> <span class='ocrx_word' id='word_1_221' title='bbox 360 3019 439 3084; x_wconf 86' lang='lat' dir='ltr'><strong>hacc</strong></span> <span class='ocrx_word' id='word_1_222' title='bbox 454 3043 535 3106; x_wconf 86' lang='lat' dir='ltr'><strong>quae</strong></span> <span class='ocrx_word' id='word_1_223' title='bbox 550 3020 718 3084; x_wconf 85' lang='lat' dir='ltr'><strong>voluimus.</strong></span> <span class='ocrx_word' id='word_1_224' title='bbox 763 3020 831 3100; x_wconf 79' lang='lat' dir='ltr'><strong>My.</strong></span> <span class='ocrx_word' id='word_1_225' title='bbox 855 3019 1067 3086; x_wconf 86' lang='lat' dir='ltr'><strong>Praedioeres.</strong></span> 
     </span>
    </p>
   </div>
   <div class='ocr_carea' id='block_1_4' title="bbox 99 3191 1305 4481">
    <p class='ocr_par' dir='ltr' id='par_1_26' title="bbox 99 3191 1305 4155">
     <span class='ocr_line' id='line_1_29' title="bbox 132 3191 1302 3254; baseline 0.002 -14"><span class='ocrx_word' id='word_1_226' title='bbox 132 3193 174 3240; x_wconf 74' lang='lat'><strong>³2</strong></span> <span class='ocrx_word' id='word_1_227' title='bbox 191 3191 308 3253; x_wconf 80' lang='lat' dir='ltr'><strong>Liberae]</strong></span> <span class='ocrx_word' id='word_1_228' title='bbox 329 3191 366 3254; x_wconf 89' lang='lat' dir='ltr'><strong>By</strong></span> <span class='ocrx_word' id='word_1_229' title='bbox 374 3192 416 3238; x_wconf 86' lang='lat' dir='ltr'><strong>the</strong></span> <span class='ocrx_word' id='word_1_230' title='bbox 422 3191 543 3239; x_wconf 81' lang='lat' dir='ltr'><strong>Athenian</strong></span> <span class='ocrx_word' id='word_1_231' title='bbox 555 3191 685 3239; x_wconf 80' lang='lat' dir='ltr'><strong>lawslases</strong></span> <span class='ocrx_word' id='word_1_232' title='bbox 717 3191 790 3253; x_wconf 89' lang='lat' dir='ltr'><strong>being</strong></span> <span class='ocrx_word' id='word_1_233' title='bbox 800 3206 831 3238; x_wconf 90' lang='lat' dir='ltr'><strong>an</strong></span> <span class='ocrx_word' id='word_1_234' title='bbox 842 3191 963 3238; x_wconf 83' lang='lat' dir='ltr'><strong>Athenian</strong></span> <span class='ocrx_word' id='word_1_235' title='bbox 982 3193 1076 3249; x_wconf 85' lang='lat' dir='ltr'><strong>citizen,</strong></span> <span class='ocrx_word' id='word_1_236' title='bbox 1095 3192 1142 3239; x_wconf 81' lang='lat' dir='ltr'><strong>and</strong></span> <span class='ocrx_word' id='word_1_237' title='bbox 1159 3192 1203 3240; x_wconf 88' lang='lat' dir='ltr'><strong>her</strong></span> <span class='ocrx_word' id='word_1_238' title='bbox 1219 3208 1302 3242; x_wconf 90' lang='lat' dir='ltr'><strong>conse·</strong></span> 
     </span>
     <span class='ocr_line' id='line_1_30' title="bbox 100 3255 1302 3335; baseline 0.002 -31"><span class='ocrx_word' id='word_1_239' title='bbox 100 3271 163 3304; x_wconf 82' lang='lat' dir='ltr'><strong>wera</strong></span> <span class='ocrx_word' id='word_1_240' title='bbox 181 3261 226 3304; x_wconf 85' lang='lat' dir='ltr'><strong>not</strong></span> <span class='ocrx_word' id='word_1_241' title='bbox 242 3255 340 3303; x_wconf 77' lang='lat' dir='ltr'><strong>allowed</strong></span> <span class='ocrx_word' id='word_1_242' title='bbox 358 3262 384 3303; x_wconf 84' lang='lat' dir='ltr'><strong>to</strong></span> <span class='ocrx_word' id='word_1_243' title='bbox 403 3271 492 3318; x_wconf 80' lang='lat' dir='ltr'><strong>appear</strong></span> <span class='ocrx_word' id='word_1_244' title='bbox 508 3271 534 3303; x_wconf 86' lang='lat' dir='ltr'><strong>as</strong></span> <span class='ocrx_word' id='word_1_245' title='bbox 554 3257 683 3304; x_wconf 87' lang='lat' dir='ltr'><strong>witnesses.</strong></span> <span class='ocrx_word' id='word_1_246' title='bbox 718 3262 793 3335; x_wconf 69' lang='lat' dir='ltr'><strong>quent</strong></span> <span class='ocrx_word' id='word_1_247' title='bbox 807 3256 876 3302; x_wconf 89' lang='lat' dir='ltr'><strong>claim</strong></span> <span class='ocrx_word' id='word_1_248' title='bbox 892 3271 923 3301; x_wconf 92' lang='lat' dir='ltr'><strong>on</strong></span> <span class='ocrx_word' id='word_1_249' title='bbox 942 3257 1088 3318; x_wconf 76' lang='lat' dir='ltr'><strong>Pamphilus.</strong></span> <span class='ocrx_word' id='word_1_250' title='bbox 1121 3257 1174 3304; x_wconf 81' lang='lat' dir='ltr'><strong>The</strong></span> <span class='ocrx_word' id='word_1_251' title='bbox 1190 3258 1234 3305; x_wconf 79' lang='lat' dir='ltr'><strong>law</strong></span> <span class='ocrx_word' id='word_1_252' title='bbox 1250 3274 1302 3316; x_wconf 84' lang='lat' dir='ltr'><strong>ran,</strong></span> 
     </span>
     <span class='ocr_line' id='line_1_31' title="bbox 101 3319 1302 3383; baseline 0.002 -15"><span class='ocrx_word' id='word_1_253' title='bbox 101 3321 385 3382; x_wconf 80' lang='lat' dir='ltr'><strong>Daruspurposelyuses</strong></span> <span class='ocrx_word' id='word_1_254' title='bbox 396 3336 475 3382; x_wconf 85' lang='lat' dir='ltr'><strong>avary</strong></span> <span class='ocrx_word' id='word_1_255' title='bbox 483 3321 549 3367; x_wconf 81' lang='lat' dir='ltr'><strong>weak</strong></span> <span class='ocrx_word' id='word_1_256' title='bbox 558 3326 686 3383; x_wconf 85' lang='lat' dir='ltr'><strong>argument</strong></span> <span class='ocrx_word' id='word_1_257' title='bbox 717 3338 734 3378; x_wconf 82' lang='grc' dir='ltr'><strong><em>η</em></strong></span> <span class='ocrx_word' id='word_1_258' title='bbox 751 3319 886 3380; x_wconf 77' lang='grc' dir='ltr'>βιασθεῖσα</span> <span class='ocrx_word' id='word_1_259' title='bbox 900 3322 916 3379; x_wconf 76' lang='grc' dir='ltr'>ὴ</span> <span class='ocrx_word' id='word_1_260' title='bbox 930 3321 1014 3383; x_wconf 76' lang='grc' dir='ltr'><em>γάμον</em></span> <span class='ocrx_word' id='word_1_261' title='bbox 1028 3321 1043 3379; x_wconf 78' lang='grc' dir='ltr'><em>ἦ</em></span> <span class='ocrx_word' id='word_1_262' title='bbox 1056 3320 1171 3369; x_wconf 77' lang='grc' dir='ltr'><em>θάνατον</em></span> <span class='ocrx_word' id='word_1_263' title='bbox 1187 3321 1302 3379; x_wconf 71' lang='grc' dir='ltr'><strong>αἱρείσθω</strong></span> 
     </span>
     <span class='ocr_line' id='line_1_32' title="bbox 100 3383 1302 3449; baseline 0.001 -16"><span class='ocrx_word' id='word_1_264' title='bbox 100 3384 394 3433; x_wconf 79' lang='lat' dir='ltr'><strong>toshakethaassertiou</strong></span> <span class='ocrx_word' id='word_1_265' title='bbox 410 3385 438 3432; x_wconf 80' lang='lat' dir='ltr'><strong>of</strong></span> <span class='ocrx_word' id='word_1_266' title='bbox 451 3384 538 3447; x_wconf 84' lang='lat' dir='ltr'><strong>Mysis.</strong></span> <span class='ocrx_word' id='word_1_267' title='bbox 574 3386 612 3433; x_wconf 84' lang='lat' dir='ltr'><strong>He</strong></span> <span class='ocrx_word' id='word_1_268' title='bbox 626 3386 684 3432; x_wconf 91' lang='lat' dir='ltr'><strong>insi·</strong></span> <span class='ocrx_word' id='word_1_269' title='bbox 719 3387 763 3432; x_wconf 83' lang='grc' dir='ltr'><strong>τοῦ</strong></span> <span class='ocrx_word' id='word_1_270' title='bbox 774 3383 938 3446; x_wconf 72' lang='grc' dir='ltr'><strong>βιασαμένου.</strong></span> <span class='ocrx_word' id='word_1_271' title='bbox 974 3384 1092 3448; x_wconf 88' lang='lat' dir='ltr'><strong>Compare</strong></span> <span class='ocrx_word' id='word_1_272' title='bbox 1108 3386 1212 3449; x_wconf 80' lang='lat' dir='ltr'><strong>Adelphi</strong></span> <span class='ocrx_word' id='word_1_273' title='bbox 1228 3388 1260 3435; x_wconf 84' lang='lat' dir='ltr'><strong>iv.</strong></span> <span class='ocrx_word' id='word_1_274' title='bbox 1278 3388 1302 3443; x_wconf 82' lang='lat'><strong>7.</strong></span> 
     </span>
     <span class='ocr_line' id='line_1_33' title="bbox 101 3449 1011 3510; baseline -0.001 -13"><span class='ocrx_word' id='word_1_275' title='bbox 101 3456 187 3498; x_wconf 62' lang='lat' dir='ltr'><strong>uuam</strong></span> <span class='ocrx_word' id='word_1_276' title='bbox 205 3449 260 3496; x_wconf 82' lang='lat' dir='ltr'><strong>that</strong></span> <span class='ocrx_word' id='word_1_277' title='bbox 278 3449 310 3498; x_wconf 90' lang='lat' dir='ltr'><strong>he</strong></span> <span class='ocrx_word' id='word_1_278' title='bbox 327 3450 374 3497; x_wconf 82' lang='lat' dir='ltr'><strong>had</strong></span> <span class='ocrx_word' id='word_1_279' title='bbox 391 3464 448 3497; x_wconf 86' lang='lat' dir='ltr'><strong>seen</strong></span> <span class='ocrx_word' id='word_1_280' title='bbox 467 3465 481 3496; x_wconf 87' lang='lat' dir='ltr'><strong>a</strong></span> <span class='ocrx_word' id='word_1_281' title='bbox 499 3465 593 3497; x_wconf 86' lang='lat' dir='ltr'><strong>woman</strong></span> <span class='ocrx_word' id='word_1_282' title='bbox 615 3449 686 3510; x_wconf 80' lang='lat' dir='ltr'><strong>bring</strong></span> <span class='ocrx_word' id='word_1_283' title='bbox 718 3451 742 3506; x_wconf 81' lang='lat'><strong>7.</strong></span> <span class='ocrx_word' id='word_1_284' title='bbox 776 3449 887 3496; x_wconf 86' lang='lat' dir='ltr'><strong>Eunuch.</strong></span> <span class='ocrx_word' id='word_1_285' title='bbox 900 3465 922 3496; x_wconf 81' lang='lat' dir='ltr'><strong>r.</strong></span> <span class='ocrx_word' id='word_1_286' title='bbox 935 3453 958 3496; x_wconf 78' lang='lat'><strong>2.</strong></span> <span class='ocrx_word' id='word_1_287' title='bbox 971 3452 1011 3498; x_wconf 79' lang='lat'><strong>49.</strong></span> 
     </span>
     <span class='ocr_line' id='line_1_34' title="bbox 101 3513 1302 3576; baseline 0.001 -14"><span class='ocrx_word' id='word_1_288' title='bbox 101 3514 605 3562; x_wconf 78' lang='lat' dir='ltr'><strong>thachildinabundleundcrhcrdress.</strong></span> <span class='ocrx_word' id='word_1_289' title='bbox 642 3513 686 3562; x_wconf 89' lang='lat' dir='ltr'><strong>We</strong></span> <span class='ocrx_word' id='word_1_290' title='bbox 752 3516 791 3561; x_wconf 71' lang='lat' dir='ltr'><strong>el.</strong></span> <span class='ocrx_word' id='word_1_291' title='bbox 811 3514 860 3561; x_wconf 81' lang='lat' dir='ltr'><strong>Per</strong></span> <span class='ocrx_word' id='word_1_292' title='bbox 872 3513 976 3576; x_wconf 74' lang='lat' dir='ltr'><strong>tempus]</strong></span> <span class='ocrx_word' id='word_1_293' title='bbox 1013 3514 1165 3576; x_wconf 84' lang='lat' dir='ltr'><strong>Seeliecyra</strong></span> <span class='ocrx_word' id='word_1_294' title='bbox 1174 3516 1206 3562; x_wconf 84' lang='lat' dir='ltr'><strong>iv.</strong></span> <span class='ocrx_word' id='word_1_295' title='bbox 1218 3518 1241 3563; x_wconf 85' lang='lat'><strong>3.</strong></span> <span class='ocrx_word' id='word_1_296' title='bbox 1256 3517 1302 3563; x_wconf 78' lang='lat' dir='ltr'><strong>rs:</strong></span> 
     </span>
     <span class='ocr_line' id='line_1_35' title="bbox 100 3578 1305 3642; baseline 0 -16"><span class='ocrx_word' id='word_1_297' title='bbox 100 3584 167 3626; x_wconf 83' lang='lat' dir='ltr'><strong>must</strong></span> <span class='ocrx_word' id='word_1_298' title='bbox 186 3583 238 3634; x_wconf 83' lang='lat' dir='ltr'><strong>not,</strong></span> <span class='ocrx_word' id='word_1_299' title='bbox 253 3580 369 3635; x_wconf 80' lang='lat' dir='ltr'><strong>however,</strong></span> <span class='ocrx_word' id='word_1_300' title='bbox 381 3580 455 3626; x_wconf 82' lang='lat' dir='ltr'><strong>refine</strong></span> <span class='ocrx_word' id='word_1_301' title='bbox 470 3584 512 3626; x_wconf 84' lang='lat' dir='ltr'><strong>too</strong></span> <span class='ocrx_word' id='word_1_302' title='bbox 530 3579 602 3626; x_wconf 91' lang='lat' dir='ltr'><strong>much</strong></span> <span class='ocrx_word' id='word_1_303' title='bbox 620 3594 686 3641; x_wconf 90' lang='lat' dir='ltr'><strong>upon</strong></span> <span class='ocrx_word' id='word_1_304' title='bbox 719 3583 735 3606; x_wconf 77' lang='lat'><strong>‘⁴</strong></span> <span class='ocrx_word' id='word_1_305' title='bbox 746 3578 822 3625; x_wconf 86' lang='lat' dir='ltr'><strong>Video</strong></span> <span class='ocrx_word' id='word_1_306' title='bbox 835 3578 978 3639; x_wconf 86' lang='lat' dir='ltr'><strong>Phidippum</strong></span> <span class='ocrx_word' id='word_1_307' title='bbox 990 3580 1070 3640; x_wconf 87' lang='lat' dir='ltr'><strong>egredi</strong></span> <span class='ocrx_word' id='word_1_308' title='bbox 1081 3595 1124 3642; x_wconf 84' lang='lat' dir='ltr'><strong>per</strong></span> <span class='ocrx_word' id='word_1_309' title='bbox 1132 3579 1253 3641; x_wconf 86' lang='lat' dir='ltr'><strong>tempus.”</strong></span> <span class='ocrx_word' id='word_1_310' title='bbox 1272 3580 1305 3626; x_wconf 80' lang='lat' dir='ltr'><strong>So</strong></span> 
     </span>
     <span class='ocr_line' id='line_1_36' title="bbox 100 3643 1303 3705; baseline -0.002 -14"><span class='ocrx_word' id='word_1_311' title='bbox 100 3644 159 3691; x_wconf 80' lang='lat' dir='ltr'><strong>such</strong></span> <span class='ocrx_word' id='word_1_312' title='bbox 182 3659 197 3691; x_wconf 89' lang='lat' dir='ltr'><strong>a</strong></span> <span class='ocrx_word' id='word_1_313' title='bbox 219 3659 326 3705; x_wconf 78' lang='lat' dir='ltr'><strong>passage.</strong></span> <span class='ocrx_word' id='word_1_314' title='bbox 359 3644 412 3691; x_wconf 86' lang='lat' dir='ltr'><strong>The</strong></span> <span class='ocrx_word' id='word_1_315' title='bbox 434 3643 539 3690; x_wconf 83' lang='lat' dir='ltr'><strong>incident</strong></span> <span class='ocrx_word' id='word_1_316' title='bbox 561 3644 639 3691; x_wconf 82' lang='lat' dir='ltr'><strong>would</strong></span> <span class='ocrx_word' id='word_1_317' title='bbox 656 3644 687 3690; x_wconf 88' lang='lat' dir='ltr'><strong>be</strong></span> <span class='ocrx_word' id='word_1_318' title='bbox 719 3648 760 3690; x_wconf 84' lang='lat' dir='ltr'><strong>too</strong></span> <span class='ocrx_word' id='word_1_319' title='bbox 773 3644 879 3699; x_wconf 84' lang='lat' dir='ltr'><strong>Plautus,</strong></span> <span class='ocrx_word' id='word_1_320' title='bbox 897 3644 1064 3692; x_wconf 85' lang='lat' dir='ltr'><strong>Menaechmei</strong></span> <span class='ocrx_word' id='word_1_321' title='bbox 1080 3647 1095 3692; x_wconf 91' lang='lat' dir='ltr'><strong>i.</strong></span> <span class='ocrx_word' id='word_1_322' title='bbox 1112 3648 1135 3692; x_wconf 80' lang='lat'><strong>2.</strong></span> <span class='ocrx_word' id='word_1_323' title='bbox 1154 3647 1202 3692; x_wconf 80' lang='lat'><strong>30:</strong></span> <span class='ocrx_word' id='word_1_324' title='bbox 1221 3644 1303 3690; x_wconf 83' lang='lat' dir='ltr'><strong>“Non</strong></span> 
     </span>
     <span class='ocr_line' id='line_1_37' title="bbox 100 3708 1304 3771; baseline -0.002 -15"><span class='ocrx_word' id='word_1_325' title='bbox 100 3709 174 3770; x_wconf 82' lang='lat' dir='ltr'><strong>likely</strong></span> <span class='ocrx_word' id='word_1_326' title='bbox 191 3711 296 3769; x_wconf 81' lang='lat' dir='ltr'><strong>enough,</strong></span> <span class='ocrx_word' id='word_1_327' title='bbox 314 3709 362 3755; x_wconf 87' lang='lat' dir='ltr'><strong>and</strong></span> <span class='ocrx_word' id='word_1_328' title='bbox 374 3709 395 3755; x_wconf 91' lang='lat' dir='ltr'><strong>is</strong></span> <span class='ocrx_word' id='word_1_329' title='bbox 411 3709 500 3770; x_wconf 86' lang='lat' dir='ltr'><strong>merely</strong></span> <span class='ocrx_word' id='word_1_330' title='bbox 518 3708 644 3769; x_wconf 76' lang='lat' dir='ltr'><strong>suggested</strong></span> <span class='ocrx_word' id='word_1_331' title='bbox 661 3714 687 3755; x_wconf 89' lang='lat' dir='ltr'><strong>to</strong></span> <span class='ocrx_word' id='word_1_332' title='bbox 720 3709 820 3770; x_wconf 84' lang='lat' dir='ltr'><strong>potuisti</strong></span> <span class='ocrx_word' id='word_1_333' title='bbox 838 3709 913 3770; x_wconf 82' lang='lat' dir='ltr'><strong>magis</strong></span> <span class='ocrx_word' id='word_1_334' title='bbox 935 3725 977 3771; x_wconf 90' lang='lat' dir='ltr'><strong>per</strong></span> <span class='ocrx_word' id='word_1_335' title='bbox 995 3715 1090 3771; x_wconf 81' lang='lat' dir='ltr'><strong>tempus</strong></span> <span class='ocrx_word' id='word_1_336' title='bbox 1114 3709 1171 3755; x_wconf 89' lang='lat' dir='ltr'><strong>mihi</strong></span> <span class='ocrx_word' id='word_1_337' title='bbox 1193 3709 1304 3754; x_wconf 84' lang='lat' dir='ltr'><strong>advenire</strong></span> 
     </span>
     <span class='ocr_line' id='line_1_38' title="bbox 100 3772 927 3835; baseline -0.001 -15"><span class='ocrx_word' id='word_1_338' title='bbox 100 3772 172 3820; x_wconf 75' lang='lat' dir='ltr'><strong>make</strong></span> <span class='ocrx_word' id='word_1_339' title='bbox 192 3772 269 3834; x_wconf 82' lang='lat' dir='ltr'><strong>Mysis</strong></span> <span class='ocrx_word' id='word_1_340' title='bbox 292 3789 358 3820; x_wconf 92' lang='lat' dir='ltr'><strong>more</strong></span> <span class='ocrx_word' id='word_1_341' title='bbox 376 3773 481 3834; x_wconf 81' lang='lat' dir='ltr'><strong>positive.</strong></span> <span class='ocrx_word' id='word_1_342' title='bbox 516 3773 563 3819; x_wconf 89' lang='lat' dir='ltr'><strong>We</strong></span> <span class='ocrx_word' id='word_1_343' title='bbox 579 3773 629 3820; x_wconf 80' lang='lat' dir='ltr'><strong>find</strong></span> <span class='ocrx_word' id='word_1_344' title='bbox 646 3773 688 3820; x_wconf 86' lang='lat' dir='ltr'><strong>the</strong></span> <span class='ocrx_word' id='word_1_345' title='bbox 720 3788 792 3835; x_wconf 90' lang='lat' dir='ltr'><strong>quam</strong></span> <span class='ocrx_word' id='word_1_346' title='bbox 803 3773 927 3820; x_wconf 82' lang='lat' dir='ltr'><strong>advenis.”</strong></span> 
     </span>
     <span class='ocr_line' id='line_1_39' title="bbox 100 3833 1304 3901; baseline -0.002 -17"><span class='ocrx_word' id='word_1_347' title='bbox 100 3838 166 3884; x_wconf 84' lang='lat' dir='ltr'><strong>word</strong></span> <span class='ocrx_word' id='word_1_348' title='bbox 189 3838 214 3883; x_wconf 89' lang='lat' dir='ltr'><strong>in</strong></span> <span class='ocrx_word' id='word_1_349' title='bbox 234 3837 341 3893; x_wconf 83' lang='lat' dir='ltr'><strong>Plautus,</strong></span> <span class='ocrx_word' id='word_1_350' title='bbox 360 3838 430 3885; x_wconf 83' lang='lat' dir='ltr'><strong>Cure.</strong></span> <span class='ocrx_word' id='word_1_351' title='bbox 453 3838 477 3884; x_wconf 90' lang='lat' dir='ltr'><strong>ii.</strong></span> <span class='ocrx_word' id='word_1_352' title='bbox 500 3838 524 3884; x_wconf 80' lang='lat'><strong>³.</strong></span> <span class='ocrx_word' id='word_1_353' title='bbox 545 3839 589 3885; x_wconf 79' lang='lat' dir='ltr'><strong>io:</strong></span> <span class='ocrx_word' id='word_1_354' title='bbox 616 3838 687 3890; x_wconf 82' lang='lat' dir='ltr'><strong>“Qui</strong></span> <span class='ocrx_word' id='word_1_355' title='bbox 752 3839 857 3901; x_wconf 73' lang='lat' dir='ltr'><strong>45.‚At</strong></span> <span class='ocrx_word' id='word_1_356' title='bbox 877 3853 922 3884; x_wconf 84' lang='lat' dir='ltr'><strong>nee</strong></span> <span class='ocrx_word' id='word_1_357' title='bbox 942 3841 968 3884; x_wconf 77' lang='lat' dir='ltr'><strong>iu</strong></span> <span class='ocrx_word' id='word_1_358' title='bbox 988 3837 1099 3897; x_wconf 73' lang='lat' dir='ltr'><strong>omnial]</strong></span> <span class='ocrx_word' id='word_1_359' title='bbox 1136 3835 1198 3887; x_wconf 81' lang='lat' dir='ltr'><strong>¹Ah.</strong></span> <span class='ocrx_word' id='word_1_360' title='bbox 1219 3833 1304 3881; x_wconf 83' lang='lat' dir='ltr'><strong>indeed</strong></span> 
     </span>
     <span class='ocr_line' id='line_1_40' title="bbox 99 3897 1304 3964; baseline -0.003 -16"><span class='ocrx_word' id='word_1_361' title='bbox 99 3901 213 3949; x_wconf 81' lang='lat' dir='ltr'><strong>incedent</strong></span> <span class='ocrx_word' id='word_1_362' title='bbox 231 3902 376 3949; x_wconf 78' lang='lat' dir='ltr'><strong>suffarcinati</strong></span> <span class='ocrx_word' id='word_1_363' title='bbox 393 3918 447 3948; x_wconf 88' lang='lat' dir='ltr'><strong>cum</strong></span> <span class='ocrx_word' id='word_1_364' title='bbox 464 3902 531 3949; x_wconf 88' lang='lat' dir='ltr'><strong>libris</strong></span> <span class='ocrx_word' id='word_1_365' title='bbox 548 3917 602 3948; x_wconf 84' lang='lat' dir='ltr'><strong>cum</strong></span> <span class='ocrx_word' id='word_1_366' title='bbox 620 3917 686 3964; x_wconf 90' lang='lat' dir='ltr'><strong>spor·</strong></span> <span class='ocrx_word' id='word_1_367' title='bbox 719 3918 769 3963; x_wconf 91' lang='lat' dir='ltr'><strong>you</strong></span> <span class='ocrx_word' id='word_1_368' title='bbox 787 3902 848 3948; x_wconf 82' lang='lat' dir='ltr'><strong>have</strong></span> <span class='ocrx_word' id='word_1_369' title='bbox 867 3901 940 3949; x_wconf 84' lang='lat' dir='ltr'><strong>heard</strong></span> <span class='ocrx_word' id='word_1_370' title='bbox 956 3901 996 3956; x_wconf 86' lang='lat' dir='ltr'><strong>all,</strong></span> <span class='ocrx_word' id='word_1_371' title='bbox 1014 3901 1073 3947; x_wconf 80' lang='lat' dir='ltr'><strong>have</strong></span> <span class='ocrx_word' id='word_1_372' title='bbox 1092 3899 1167 3961; x_wconf 83' lang='lat' dir='ltr'><strong>you?&#39;</strong></span> <span class='ocrx_word' id='word_1_373' title='bbox 1203 3897 1304 3959; x_wconf 76' lang='lat' dir='ltr'><strong>Bentley</strong></span> 
     </span>
     <span class='ocr_line' id='line_1_41' title="bbox 99 3962 1304 4028; baseline -0.003 -15"><span class='ocrx_word' id='word_1_374' title='bbox 99 3965 186 4013; x_wconf 85' lang='lat' dir='ltr'><strong>tulis.”</strong></span> <span class='ocrx_word' id='word_1_375' title='bbox 220 3966 323 4014; x_wconf 79' lang='lat' dir='ltr'><strong>‘Habeo</strong></span> <span class='ocrx_word' id='word_1_376' title='bbox 339 3965 618 4028; x_wconf 81' lang='lat' dir='ltr'><strong>gratiam&#39;isBeniley&#39;s</strong></span> <span class='ocrx_word' id='word_1_377' title='bbox 635 3982 686 4013; x_wconf 89' lang='lat' dir='ltr'><strong>oor·</strong></span> <span class='ocrx_word' id='word_1_378' title='bbox 719 3967 787 4013; x_wconf 84' lang='lat' dir='ltr'><strong>reads</strong></span> <span class='ocrx_word' id='word_1_379' title='bbox 810 3971 895 4012; x_wconf 84' lang='lat' dir='ltr'><strong>“anne</strong></span> <span class='ocrx_word' id='word_1_380' title='bbox 918 3965 976 4011; x_wconf 86' lang='lat' dir='ltr'><strong>haec</strong></span> <span class='ocrx_word' id='word_1_381' title='bbox 998 3970 1025 4010; x_wconf 86' lang='lat' dir='ltr'><strong>tu</strong></span> <span class='ocrx_word' id='word_1_382' title='bbox 1047 3962 1164 4010; x_wconf 86' lang='lat' dir='ltr'><strong>omnia?&#39;&#39;</strong></span> <span class='ocrx_word' id='word_1_383' title='bbox 1189 3977 1304 4009; x_wconf 86' lang='lat' dir='ltr'><strong>uuneoes-</strong></span> 
     </span>
     <span class='ocr_line' id='line_1_42' title="bbox 99 4029 831 4093; baseline -0.003 -14"><span class='ocrx_word' id='word_1_384' title='bbox 99 4031 193 4079; x_wconf 86' lang='lat' dir='ltr'><strong>rectiou</strong></span> <span class='ocrx_word' id='word_1_385' title='bbox 213 4029 250 4077; x_wconf 83' lang='lat' dir='ltr'><strong>ior</strong></span> <span class='ocrx_word' id='word_1_386' title='bbox 272 4031 391 4093; x_wconf 61' lang='lat' dir='ltr'><strong>‘gratias&#39;</strong></span> <span class='ocrx_word' id='word_1_387' title='bbox 414 4031 491 4078; x_wconf 84' lang='lat' dir='ltr'><strong>which</strong></span> <span class='ocrx_word' id='word_1_388' title='bbox 513 4031 534 4078; x_wconf 89' lang='lat' dir='ltr'><strong>is</strong></span> <span class='ocrx_word' id='word_1_389' title='bbox 554 4033 610 4093; x_wconf 87' lang='lat' dir='ltr'><strong>only</strong></span> <span class='ocrx_word' id='word_1_390' title='bbox 627 4031 686 4078; x_wconf 86' lang='lat' dir='ltr'><strong>used</strong></span> <span class='ocrx_word' id='word_1_391' title='bbox 719 4032 797 4091; x_wconf 87' lang='lat' dir='ltr'><strong>sarily.</strong></span> <span class='ocrx_word' id='word_1_392' title='bbox 827 4043 831 4052; x_wconf 95' lang='grc'><em>·</em></span> 
     </span>
     <span class='ocr_line' id='line_1_43' title="bbox 99 4091 1304 4155; baseline -0.004 -12"><span class='ocrx_word' id='word_1_393' title='bbox 99 4094 248 4155; x_wconf 79' lang='lat' dir='ltr'><strong>with‘ago.&#39;</strong></span> <span class='ocrx_word' id='word_1_394' title='bbox 753 4095 806 4155; x_wconf 68' lang='lat' dir='ltr'><strong>td]</strong></span> <span class='ocrx_word' id='word_1_395' title='bbox 826 4093 942 4141; x_wconf 87' lang='lat' dir='ltr'><strong>Chremes</strong></span> <span class='ocrx_word' id='word_1_396' title='bbox 959 4107 1014 4152; x_wconf 85' lang='lat' dir='ltr'><strong>goes</strong></span> <span class='ocrx_word' id='word_1_397' title='bbox 1037 4092 1088 4137; x_wconf 85' lang='lat' dir='ltr'><strong>into</strong></span> <span class='ocrx_word' id='word_1_398' title='bbox 1111 4091 1199 4137; x_wconf 89' lang='lat' dir='ltr'><strong>Simo&#39;s</strong></span> <span class='ocrx_word' id='word_1_399' title='bbox 1221 4091 1304 4139; x_wconf 88' lang='lat' dir='ltr'><strong>house.</strong></span> 
     </span>
    </p>

    <p class='ocr_par' dir='ltr' id='par_1_27' title="bbox 99 4155 1305 4481">
     <span class='ocr_line' id='line_1_44' title="bbox 133 4155 1304 4222; baseline -0.003 -15"><span class='ocrx_word' id='word_1_400' title='bbox 133 4162 174 4208; x_wconf 83' lang='grc'><strong>40.</strong></span> <span class='ocrx_word' id='word_1_401' title='bbox 195 4159 297 4222; x_wconf 65' lang='lat' dir='ltr'><strong>medie]</strong></span> <span class='ocrx_word' id='word_1_402' title='bbox 332 4159 402 4207; x_wconf 82' lang='lat' dir='ltr'><strong>‘One</strong></span> <span class='ocrx_word' id='word_1_403' title='bbox 419 4159 479 4206; x_wconf 76' lang='lat' dir='ltr'><strong>tricis</strong></span> <span class='ocrx_word' id='word_1_404' title='bbox 497 4160 576 4206; x_wconf 80' lang='lat' dir='ltr'><strong>tresde</strong></span> <span class='ocrx_word' id='word_1_405' title='bbox 595 4174 627 4207; x_wconf 88' lang='lat' dir='ltr'><strong>on</strong></span> <span class='ocrx_word' id='word_1_406' title='bbox 644 4160 686 4207; x_wconf 85' lang='lat' dir='ltr'><strong>the</strong></span> <span class='ocrx_word' id='word_1_407' title='bbox 718 4160 801 4207; x_wconf 83' lang='lat' dir='ltr'><strong>Davus</strong></span> <span class='ocrx_word' id='word_1_408' title='bbox 820 4157 980 4216; x_wconf 82' lang='lat' dir='ltr'><strong>immediately</strong></span> <span class='ocrx_word' id='word_1_409' title='bbox 998 4156 1081 4203; x_wconf 85' lang='lat' dir='ltr'><strong>rushes</strong></span> <span class='ocrx_word' id='word_1_410' title='bbox 1097 4170 1130 4217; x_wconf 87' lang='lat' dir='ltr'><strong>up</strong></span> <span class='ocrx_word' id='word_1_411' title='bbox 1147 4163 1173 4202; x_wconf 83' lang='lat' dir='ltr'><strong>to</strong></span> <span class='ocrx_word' id='word_1_412' title='bbox 1191 4155 1268 4217; x_wconf 83' lang='lat' dir='ltr'><strong>Mysis</strong></span> <span class='ocrx_word' id='word_1_413' title='bbox 1278 4157 1304 4204; x_wconf 91' lang='lat' dir='ltr'><strong>in</strong></span> 
     </span>
     <span class='ocr_line' id='line_1_45' title="bbox 99 4220 1304 4283; baseline -0.004 -10"><span class='ocrx_word' id='word_1_414' title='bbox 99 4224 206 4273; x_wconf 84' lang='lat' dir='ltr'><strong>beelsoi</strong></span> <span class='ocrx_word' id='word_1_415' title='bbox 218 4222 338 4271; x_wconf 66' lang='lat' dir='ltr'><strong>another!</strong></span> <span class='ocrx_word' id='word_1_416' title='bbox 363 4225 395 4271; x_wconf 88' lang='lat' dir='ltr'><strong>So</strong></span> <span class='ocrx_word' id='word_1_417' title='bbox 408 4224 598 4282; x_wconf 61' lang='lat' dir='ltr'><strong>flammeam.</strong></span> <span class='ocrx_word' id='word_1_418' title='bbox 611 4225 634 4270; x_wconf 86' lang='lat' dir='ltr'><strong>ii.</strong></span> <span class='ocrx_word' id='word_1_419' title='bbox 647 4226 684 4272; x_wconf 85' lang='lat' dir='ltr'><strong>la.</strong></span> <span class='ocrx_word' id='word_1_420' title='bbox 718 4222 833 4283; x_wconf 89' lang='lat' dir='ltr'><strong>triumph.</strong></span> <span class='ocrx_word' id='word_1_421' title='bbox 869 4221 917 4267; x_wconf 89' lang='lat' dir='ltr'><strong>She</strong></span> <span class='ocrx_word' id='word_1_422' title='bbox 936 4221 956 4267; x_wconf 89' lang='lat' dir='ltr'><strong>is</strong></span> <span class='ocrx_word' id='word_1_423' title='bbox 976 4220 1120 4283; x_wconf 83' lang='lat' dir='ltr'><strong>thoroughly</strong></span> <span class='ocrx_word' id='word_1_424' title='bbox 1138 4236 1220 4283; x_wconf 77' lang='lat' dir='ltr'><strong>angrp,</strong></span> <span class='ocrx_word' id='word_1_425' title='bbox 1237 4220 1304 4268; x_wconf 81' lang='lat' dir='ltr'><strong>how-</strong></span> 
     </span>
     <span class='ocr_line' id='line_1_46' title="bbox 103 4285 1305 4346; baseline -0.002 -8"><span class='ocrx_word' id='word_1_426' title='bbox 103 4292 145 4338; x_wconf 77' lang='lat' dir='ltr'><strong>la:</strong></span> <span class='ocrx_word' id='word_1_427' title='bbox 174 4289 314 4337; x_wconf 76' lang='lat' dir='ltr'><strong>“Truditur</strong></span> <span class='ocrx_word' id='word_1_428' title='bbox 335 4289 386 4337; x_wconf 88' lang='lat' dir='ltr'><strong>dies</strong></span> <span class='ocrx_word' id='word_1_429' title='bbox 407 4287 472 4336; x_wconf 87' lang='lat' dir='ltr'><strong>die.”</strong></span> <span class='ocrx_word' id='word_1_430' title='bbox 526 4290 609 4336; x_wconf 81' lang='lat' dir='ltr'><strong>Davus</strong></span> <span class='ocrx_word' id='word_1_431' title='bbox 631 4304 685 4336; x_wconf 87' lang='lat' dir='ltr'><strong>now</strong></span> <span class='ocrx_word' id='word_1_432' title='bbox 718 4303 781 4344; x_wconf 81' lang='lat' dir='ltr'><strong>ever,</strong></span> <span class='ocrx_word' id='word_1_433' title='bbox 801 4292 827 4334; x_wconf 85' lang='lat' dir='ltr'><strong>at</strong></span> <span class='ocrx_word' id='word_1_434' title='bbox 848 4285 935 4346; x_wconf 78' lang='lat' dir='ltr'><strong>having</strong></span> <span class='ocrx_word' id='word_1_435' title='bbox 955 4285 1015 4333; x_wconf 88' lang='lat' dir='ltr'><strong>been</strong></span> <span class='ocrx_word' id='word_1_436' title='bbox 1037 4286 1135 4333; x_wconf 87' lang='lat' dir='ltr'><strong>worried</strong></span> <span class='ocrx_word' id='word_1_437' title='bbox 1155 4301 1181 4334; x_wconf 85' lang='lat' dir='ltr'><strong>as</strong></span> <span class='ocrx_word' id='word_1_438' title='bbox 1200 4287 1244 4334; x_wconf 86' lang='lat' dir='ltr'><strong>she</strong></span> <span class='ocrx_word' id='word_1_439' title='bbox 1260 4287 1305 4336; x_wconf 79' lang='lat' dir='ltr'><strong>has</strong></span> 
     </span>
     <span class='ocr_line' id='line_1_47' title="bbox 99 4351 1051 4416; baseline -0.004 -14"><span class='ocrx_word' id='word_1_440' title='bbox 99 4354 183 4416; x_wconf 87' lang='lat' dir='ltr'><strong>brings</strong></span> <span class='ocrx_word' id='word_1_441' title='bbox 193 4361 237 4401; x_wconf 82' lang='lat' dir='ltr'><strong>out</strong></span> <span class='ocrx_word' id='word_1_442' title='bbox 247 4354 289 4402; x_wconf 86' lang='lat' dir='ltr'><strong>the</strong></span> <span class='ocrx_word' id='word_1_443' title='bbox 300 4353 347 4401; x_wconf 83' lang='lat' dir='ltr'><strong>last</strong></span> <span class='ocrx_word' id='word_1_444' title='bbox 356 4354 426 4415; x_wconf 89' lang='lat' dir='ltr'><strong>point</strong></span> <span class='ocrx_word' id='word_1_445' title='bbox 442 4352 518 4400; x_wconf 84' lang='lat' dir='ltr'><strong>which</strong></span> <span class='ocrx_word' id='word_1_446' title='bbox 531 4353 551 4400; x_wconf 90' lang='lat' dir='ltr'><strong>is</strong></span> <span class='ocrx_word' id='word_1_447' title='bbox 563 4368 687 4415; x_wconf 82' lang='lat' dir='ltr'><strong>necessary</strong></span> <span class='ocrx_word' id='word_1_448' title='bbox 720 4352 790 4410; x_wconf 86' lang='lat' dir='ltr'><strong>been,</strong></span> <span class='ocrx_word' id='word_1_449' title='bbox 801 4351 849 4399; x_wconf 86' lang='lat' dir='ltr'><strong>and</strong></span> <span class='ocrx_word' id='word_1_450' title='bbox 860 4365 938 4397; x_wconf 86' lang='lat' dir='ltr'><strong>warns</strong></span> <span class='ocrx_word' id='word_1_451' title='bbox 949 4351 999 4397; x_wconf 89' lang='lat' dir='ltr'><strong>him</strong></span> <span class='ocrx_word' id='word_1_452' title='bbox 1011 4351 1051 4398; x_wconf 78' lang='lat' dir='ltr'><strong>off.</strong></span> 
     </span>
     <span class='ocr_line' id='line_1_48' title="bbox 99 4416 1304 4481; baseline -0.002 -14"><span class='ocrx_word' id='word_1_453' title='bbox 99 4417 493 4481; x_wconf 72' lang='lat' dir='ltr'><strong>tostopthemsrrlage‚theiact</strong></span> <span class='ocrx_word' id='word_1_454' title='bbox 507 4417 536 4464; x_wconf 80' lang='lat' dir='ltr'><strong>oi</strong></span> <span class='ocrx_word' id='word_1_455' title='bbox 550 4417 686 4480; x_wconf 81' lang='lat' dir='ltr'><strong>Glycerium</strong></span> <span class='ocrx_word' id='word_1_456' title='bbox 753 4421 792 4465; x_wconf 71' lang='lat'><strong>54.</strong></span> <span class='ocrx_word' id='word_1_457' title='bbox 818 4416 989 4478; x_wconf 67' lang='lat' dir='ltr'><strong>Praedictum]</strong></span> <span class='ocrx_word' id='word_1_458' title='bbox 1024 4416 1077 4464; x_wconf 88' lang='lat' dir='ltr'><strong>Tho</strong></span> <span class='ocrx_word' id='word_1_459' title='bbox 1098 4417 1224 4479; x_wconf 78' lang='lat' dir='ltr'><strong>imperfect</strong></span> <span class='ocrx_word' id='word_1_460' title='bbox 1245 4429 1304 4464; x_wconf 85' lang='lat' dir='ltr'><strong>cou-</strong></span> 
     </span>
    </p>
   </div>
   <div class='ocr_carea' id='block_1_5' title="bbox 0 0 1464 4854">
    <p class='ocr_par' dir='ltr' id='par_1_28' title="bbox 0 0 1464 4854">
     <span class='ocr_line' id='line_1_49' title="bbox 0 0 1464 4854; baseline 0 0"><span class='ocrx_word' id='word_1_461' title='bbox 0 0 1464 4854; x_wconf 95' lang='lat' dir='ltr'><strong> </strong></span> 
     </span>
    </p>
   </div>
  </div>
 </body>
</html>
