2918 4854
157 320 221 387 194
475 306 1039 380 HEAUTONTIMORUMENOS.

247 488 318 554 orit.
342 483 512 550 Laudabis.
560 482 614 564 Sy.
638 481 723 546 Vide
739 479 791 545 sis.
840 478 910 543 otu.
934 477 1083 541 Tutemet
1097 474 1264 539 mirabere.

245 585 300 667 Sy.
325 584 387 647 Sed
402 593 499 668 quum
513 581 576 645 cito
591 588 667 643 sunt
682 584 867 642 consecutae
882 575 1032 639 mulieres
1045 573 1053 637 l

248 685 319 748 out.
344 681 411 746 Ubi
437 681 540 745 sunt?
570 702 627 742 cur
647 676 793 742 retines?
837 674 891 755 Sy.
915 673 992 737 Jsm
1014 695 1101 736 nunc
1124 671 1203 735 haec
1224 692 1290 735 non
1313 678 1362 733 est

247 787 433 953 Clddabcim
457 875 543 960 apud
557 880 700 958 petrem:
722 878 756 935 st
770 892 857 935 nunc
871 867 1010 931 interim.
1047 866 1101 948 Sy.
1118 864 1231 930 Nihilo
1244 786 1361 948 meglisi

248 974 319 1038 oct.
344 972 428 1036 Sine.
465 971 519 1051 Sy.
543 970 619 1035 Non
633 969 747 1045 sinum,
763 967 904 1052 inquam.
943 964 1014 1030 ore.
1038 963 1172 1039 Quaeso,
1187 961 1360 1046 paulisper.

248 1070 464 1233 &3deth
479 1165 626 1230 salutare.
674 1161 728 1243 Sy
752 1160 868 1237 Abeas,
885 1159 912 1223 si
927 1157 1020 1244 sepis.
1069 1156 1139 1221 out.
1163 1156 1220 1219 Eo.

246 1265 332 1336 Quid
350 1264 451 1329 istic?
495 1261 550 1343 Sy.
573 1260 730 1325 Manebit.
778 1258 849 1324 osu.
873 1257 901 1321 Ο
924 1255 1089 1323 hominem
1109 1251 1257 1317 felicem!
1304 1250 1359 1332 Sy.

287 1361 438 1426 Ambula.

382 1626 528 1692 Actus
549 1625 746 1692 SECUNDI
768 1627 913 1693 SOENA
936 1628 1132 1701 QUARTA.
1220 1694 1224 1704 .

407 1829 551 1873 ssocms
596 1829 790 1874 ANTIPHILA·
835 1830 956 1875 cums.
1002 1832 1111 1876 smus

248 1966 308 2030 Ba.
331 1965 475 2050 Aedepol
489 1973 531 2043 te,
547 1989 618 2031 mes
633 1965 815 2052 Antiphila,
831 1966 926 2033 leudo
941 1977 974 2033 et
988 1968 1184 2033 fortunatum
1195 1968 1316 2054 judico,

248 2065 290 2128 Id
304 2086 404 2148 quum
419 2063 579 2145 studuisti,
595 2063 650 2127 isti
665 2063 785 2129 formae
799 2074 837 2130 ut
850 2089 954 2131 mores
969 2066 1149 2130 consimiles
1163 2067 1288 2129 forent:

246 2161 455 2245 Minimeque,
471 2161 518 2225 ite
531 2184 583 2225 me
598 2161 642 2223 Di
656 2170 775 2240 ament,
791 2163 899 2240 miror,
913 2164 940 2227 si
954 2171 987 2226 te
1002 2163 1063 2226 sibi
1078 2162 1212 2248 quisque
1226 2161 1360 2247 expetit.

245 2259 279 2323 N
280 2281 332 2322 sm
347 2258 428 2322 mihi
443 2251 536 2344 quale
550 2258 719 2342 ingenium
733 2260 867 2325 haberes
881 2259 945 2324 fuit
959 2260 1077 2324 indicio
1092 2261 1202 2324 cretio.

244 2356 290 2420 Et
313 2380 412 2441 quum
438 2364 565 2442 egomet
590 2377 676 2419 nuno
701 2380 828 2421 mecum
852 2357 888 2424 in
913 2357 1021 2421 animo
1045 2358 1148 2422 vitem
1169 2364 1260 2420 tuem
1285 2377 1361 2420 con-

288 2454 400 2531 sidero,
662 2468 665 2475 '
1345 2471 1361 2517 ὁ

247 2551 462 2635 Omniumque
477 2551 555 2615 odeo
570 2560 749 2616 vestrarum
762 2552 880 2637 vulgus
895 2573 976 2638 quse
991 2551 1047 2615 ebs
1061 2573 1094 2614 se
1109 2558 1283 2634 segregent
1295 2574 1304 2629 3

246 2647 291 2711 Et
305 2670 361 2711 vos
375 2670 442 2711 esse
456 2647 644 2726 istiusmodi,
662 2657 694 2713 et
708 2671 766 2712 nos
780 2670 847 2712 non
860 2672 936 2724 esse,
951 2648 1039 2712 heud
1052 2647 1199 2711 mirabile
1214 2656 1271 2711 est.

240 2745 328 2810 Nam
353 2743 483 2828 expedit
505 2744 604 2810 bones
629 2769 696 2810 esse
719 2745 829 2810 vobis:
854 2767 912 2810 nos
937 2745 1127 2830 quibuscum
1149 2754 1198 2809 est
1220 2767 1272 2810 res
1295 2767 1361 2809 non

289 2841 408 2905 sinunt.

248 2937 375 3023 Quippe
389 2937 492 3002 forms
506 2938 637 3023 impulsi
650 2946 759 3004 nostre
772 2961 831 3003 nos
845 2946 1001 3004 amatores
1016 2938 1143 3004 colunt:

246 3034 336 3099 Haeo
350 3035 407 3098 ubi
421 3035 591 3099 immutato
605 3044 662 3113 est,
678 3036 728 3099 illi
743 3059 836 3102 suum
850 3038 996 3103 animum
1009 3037 1072 3102 elio
1087 3036 1264 3101 conferunt.
1320 3055 1361 3110 Ιιο

247 3131 320 3196 Nisi
335 3132 362 3196 si
377 3140 580 3217 prospectum
593 3133 716 3197 interea
731 3134 854 3219 aliquid
869 3142 926 3211 est,
942 3135 1085 3199 desertae
1099 3133 1246 3198 vivimus.

247 3229 348 3294 Vobis
363 3251 437 3293 cum
450 3251 515 3293 uno
530 3229 627 3293 semel
641 3230 697 3293 ubi
712 3238 850 3294 oetatem
864 3253 960 3320 egere
974 3232 1139 3295 decretum
1152 3239 1200 3294 est
1214 3230 1293 3308 viro,

192 3448 248 3497 Act·
267 3448 303 3496 ll.
321 3448 410 3495 Sonus
429 3446 474 3495 IV.
492 3446 592 3495 Bsechis
608 3446 656 3494 end
671 3446 743 3495 Anti·
807 3446 873 3497 ὅταν
885 3448 954 3512 φύσει
967 3450 996 3497 τὸ
1008 3448 1104 3506 κάλλος
1114 3447 1239 3527 δπιεοσμῇ
1249 3447 1343 3511 τρόπος

160 3513 226 3576 phile
237 3527 305 3560 corne
322 3528 355 3573 up
375 3512 514 3573 conver-sing
530 3511 648 3573 together.
682 3511 743 3558 Bec-
809 3511 1213 3576 χρηστὸς,ὃιπλασέωςὸπροσιὼν
1220 3514 1360 3569 attereres,

161 3577 213 3626 chls
229 3578 250 3624 is
269 3575 339 3623 mede
358 3581 384 3623 to
402 3575 475 3622 dileto
493 3590 558 3637 upon
577 3575 619 3622 the
636 3575 744 3637 superior

161 3641 290 3704 happiness
301 3641 328 3687 ot
336 3641 406 3688 those
416 3655 509 3687 women
516 3641 570 3686 who
577 3640 657 3687 stteeh
664 3639 743 3687 them·
775 3638 824 3685 end
834 3638 891 3699 they
903 3653 958 3699 mey
968 3653 1025 3700 very
1031 3638 1137 3700 possibly
1143 3637 1361 3686 hsvebeenbet‘ore

160 3707 236 3755 selues
257 3705 376 3767 uimfully
398 3710 424 3751 to
445 3719 491 3752 one
514 3704 585 3751 lover.
623 3703 702 3751 Clinis
722 3704 743 3751 is
775 3701 880 3750 Terence
891 3703 961 3749 when
972 3703 1165 3751 hewrotethese
1175 3703 1280 3768 opening
1291 3703 1360 3750 lines.

160 3770 254 3819 thrown
271 3771 324 3818 into
340 3784 370 3816 en
388 3775 480 3830 eosteey
499 3769 528 3815 cf
543 3769 586 3830 joy
601 3772 627 3815 et
642 3767 684 3814 the
700 3782 742 3829 ep·
808 3769 832 3815 2.
849 3766 881 3813 Id
891 3765 965 3827 q'uum
975 3767 1105 3827 studuieti]
1125 3767 1171 3814 See
1184 3773 1242 3814 note
1258 3781 1296 3814 on*
1307 3767 1360 3814 An·

159 3836 248 3898 proech
259 3835 287 3883 of
295 3833 427 3896 Antiphilu,
439 3839 465 3880 to
475 3833 551 3879 which
569 3831 612 3879 she
629 3831 745 3894 responde
777 3830 829 3877 dri·
839 3831 855 3877 i.
870 3833 891 3878 l.
904 3832 944 3878 82.

159 3915 217 3962 very
228 3899 347 3961 eordislly,
359 3899 406 3946 end
417 3899 454 3945 tor
464 3897 507 3944 the
517 3901 614 3958 present
629 3895 688 3956 they
703 3910 744 3943 ere
809 3896 832 3943 θ.
854 3896 965 3943 omnium
986 3895 1136 3953 vestrarum]
1181 3894 1227 3942 See
1248 3898 1306 3941 note
1327 3908 1360 3941 on

157 3965 276 4026 eshsppy
287 3978 313 4010 es
324 3979 367 4011 esn
379 3962 417 4010 be.
776 3958 907 4006 Eunuchus
918 3960 949 4006 ir.
962 3962 985 4006 4.
1001 3961 1037 4007 10.

191 4028 244 4075 The
256 4028 335 4075 Metre
345 4028 366 4074 is
376 4042 403 4073 es
414 4025 519 4080 sonem
539 4025 626 4080 1-17,
637 4022 743 4070 trocheis
808 4025 832 4069 8.
851 4025 916 4070 Nem
928 4024 1026 4084 expedit
1038 4024 1112 4070 benus
1128 4037 1178 4069 esre
1187 4021 1265 4082 eolis]
1300 4021 1361 4069 'lhis

159 4096 297 4140 euenere
307 4091 442 4145 estalectim
457 4091 558 4143 itt-se,
571 4087 659 4134 irmbie
670 4093 741 4135 tetre·
775 4088 937 4134 cousuection
957 4088 977 4134 is
999 4087 1094 4149 slightly
1109 4087 1219 4133 different
1238 4086 1301 4132 from
1317 4086 1361 4132 the

159 4160 250 4210 meten
268 4157 372 4211 26-29,
384 4153 471 4200 lambio
482 4153 597 4200 trimeter.
774 4165 886 4199 common
898 4153 967 4209 torm,
979 4153 1004 4199 iu
1016 4152 1093 4199 which
1103 4151 1146 4197 the
1160 4165 1225 4197 seme
1236 4164 1290 4196 cese
1305 4165 1359 4210 pre-

66 4230 71 4240 ·
193 4219 215 4265 1.
232 4218 353 4279 Aedepol]
388 4218 447 4264 This
466 4231 514 4263 uss
530 4232 545 4263 s
561 4216 623 4264 torm
640 4215 667 4262 of
686 4216 743 4263 ceth
776 4214 845 4262 cedes
856 4215 903 4262 end
914 4215 1006 4262 follows
1016 4215 1058 4262 the
1074 4215 1139 4270 verb,
1158 4230 1185 4261 es
1202 4215 1227 4261 in
1246 4214 1360 4261 Phormio

158 4281 263 4343 peculier
273 4282 398 4342 originslly
408 4286 434 4328 te
446 4295 547 4327 women.
575 4280 625 4328 But
636 4294 675 4328 ses
686 4286 743 4328 note
775 4295 798 4326 r.
810 4281 834 4326 2.
849 4280 876 4326 l:
895 4278 1050 4340 “Nostrapte
1060 4279 1130 4340 culpe
1141 4279 1240 4325 fecimus
1252 4283 1279 4325 ut
1290 4279 1360 4324 melis

158 4344 454 4393 senseresensere.
487 4345 540 4392 The
549 4345 671 4404 following
681 4344 742 4392 lines
775 4343 886 4404 expediet
901 4342 980 4390 esse.'’
1014 4343 1064 4389 But
1082 4357 1193 4404 compare
1210 4342 1302 4398 Cicero,
1320 4342 1360 4389 sd

157 4423 198 4456 sse
209 4407 299 4470 quoted
309 4408 371 4455 from
383 4407 532 4477 Mensnderz
774 4405 882 4454 Atticum
892 4409 950 4454 rud:
963 4406 1187 4467 “Mediosessejem
1195 4421 1244 4454 non
1251 4405 1358 4453 heebit.”
