2918 5286
471 761 615 827 ACTUS
637 763 664 826 Ι.
710 761 855 827 scuni
877 762 918 825 V.
1257 763 1300 825 25

175 933 350 998 Incertum
375 938 424 998 est
449 932 529 1017 quid
554 955 658 1018 egum.
704 932 772 1013 My.
796 932 916 997 Misera
939 930 1038 996 timeo
1061 931 1221 996 incertum
1238 931 1299 996 hoc

224 1053 378 1116 quorsum
392 1031 526 1095 accidat.

177 1128 245 1192 Sed
258 1152 347 1194 nuno
360 1151 497 1214 peropus
512 1135 569 1204 est,
585 1136 642 1191 aut
662 1128 749 1191 hunc
771 1127 938 1212 cumipse,
959 1134 1016 1192 aut
1040 1150 1092 1190 me
1118 1126 1240 1213 nliquid
1258 1127 1299 1190 do

225 1227 285 1291 illa
298 1228 468 1291 adversum
482 1226 569 1289 hunc
583 1224 680 1310 loqui.
1263 1243 1298 1288 so

178 1322 272 1386 Dum
295 1324 331 1386 in
353 1324 451 1389 dubio
476 1330 524 1387 est
546 1323 681 1400 animus,
696 1322 792 1408 paulo
817 1328 978 1386 momento
999 1322 1063 1386 huc
1078 1321 1130 1385 vel
1144 1321 1221 1385 illuc
1236 1321 1296 1385 im·

224 1420 367 1505 pellitur.

179 1517 245 1581 Pa.
271 1518 350 1589 Quis
378 1517 433 1582 hic
457 1516 628 1602 loquitur?
650 1515 779 1602 Mysis?
801 1515 896 1581 suive.
941 1515 1010 1596 My.
1034 1515 1063 1579 Ο
1078 1515 1175 1593 salvo,
1200 1515 1296 1579 Pam·

225 1615 325 1698 phile.
368 1615 430 1680 Pa.
455 1614 542 1686 Quid
556 1613 651 1698 egit?
693 1613 761 1695 My.
785 1612 920 1698 Rogas?

181 1710 326 1776 Laborat
340 1735 358 1777 e
373 1712 499 1789 dolore;
524 1718 619 1796 utque
634 1734 675 1774 ex
689 1710 750 1773 hoc
764 1710 880 1775 misera
894 1708 1031 1774 sollicita
1045 1716 1102 1787 est,
1118 1710 1205 1774 diem

183 1808 272 1881 Quia
292 1810 370 1874 olim
383 1811 419 1873 in
432 1811 520 1874 hunc
543 1815 618 1874 sunt
632 1808 824 1873 constitutae
843 1808 996 1893 nuptiae:
1020 1816 1090 1872 tum
1112 1818 1220 1872 autem
1237 1806 1298 1873 hoc

226 1908 331 1986 timet,

181 2004 235 2068 Ne
250 2006 375 2070 deseras
389 2029 431 2070 se.
476 2004 536 2069 Pa.
559 2005 656 2081 Hem,
672 2027 773 2090 egone
787 2005 870 2071 istuc
884 2006 993 2071 conari
1007 2007 1148 2092 queem?
1265 2024 1299 2071 35

181 2103 257 2188 Ego
270 2111 401 2187 propter
414 2126 467 2167 me
480 2103 571 2168 illum
585 2103 689 2188 decipi
703 2103 854 2167 miseram
867 2104 972 2169 sinam

183 2199 277 2271 Quae
291 2201 373 2265 mihi
387 2223 481 2265 suum
494 2201 638 2266 animum
653 2209 749 2286 atque
765 2224 892 2265 omnem
907 2203 1008 2266 vitem
1023 2203 1168 2280 credidit,

184 2296 293 2368 Quom
307 2320 367 2383 ego
382 2299 489 2363 animo
500 2297 630 2384 egregie
644 2320 752 2362 coram
764 2320 824 2383 pro
838 2322 937 2363 uxore
950 2300 1117 2366 habuerim
1129 2300 1145 2364 i

183 2393 276 2458 Bene
289 2404 323 2459 ct
336 2396 450 2480 pudice
465 2396 533 2482 ejus
547 2396 678 2460 doctum
692 2404 788 2480 atque
803 2396 953 2460 eductum
967 2397 1072 2462 sinum

185 2491 341 2556 Coactum
354 2501 495 2578 egestate
509 2493 679 2579 ingenium
691 2493 916 2557 immutarier?
1263 2512 1299 2560 40

182 2589 261 2654 Non
276 2589 400 2654 faciam.
444 2591 512 2671 My.
535 2591 635 2655 Haud
648 2613 760 2656 vereor
773 2589 801 2654 si
815 2591 851 2654 in
865 2599 898 2654 te
913 2590 978 2656 solo
992 2590 1035 2655 sit
1049 2589 1168 2668 situm;

183 2687 250 2752 Sed
263 2695 301 2751 ut
314 2689 381 2752 vim
396 2711 493 2774 quens
507 2688 598 2752 ferre.
643 2688 704 2752 Pa.
727 2686 860 2752 Adeone
873 2712 925 2751 me
940 2689 1096 2772 ignavum
1110 2697 1214 2773 putes,

183 2785 319 2849 Adeone
333 2808 426 2870 porro
440 2786 614 2870 ingratum,
630 2793 687 2850 aut
701 2785 923 2861 inhumanum,
940 2794 996 2848 aut
1011 2785 1124 2861 iorum,

184 2883 233 2947 Ut
249 2905 353 2968 neque
367 2906 418 2947 me
433 2885 628 2949 consuetudo
642 2906 746 2969 neque
761 2905 851 2946 emor
865 2904 969 2967 nequo
984 2883 1088 2967 pudor
1141 2955 1146 2975 1

184 2981 391 3046 Commoveat
405 3003 509 3066 neque
523 2988 721 3046 commouent
735 2989 772 3043 ut
787 3003 911 3046 servem
925 2980 1048 3044 fidem?
1107 2980 1113 3029 i
1263 3000 1298 3047 45

183 3079 252 3161 My.
277 3079 389 3144 Unum
403 3079 463 3144 hoc
477 3079 551 3158 scio,
567 3102 634 3144 esse
648 3079 797 3144 meritum
810 3086 847 3142 ut
862 3101 984 3144 memor
998 3102 1079 3143 esses
1094 3078 1151 3144 sui.

130 3254 184 3316 sn]
221 3252 324 3314 Bentley
338 3252 407 3300 rude
422 3251 555 3315 ‘quorsus'
573 3257 599 3300 to
614 3252 683 3300 svoid
716 3253 768 3299 tion
789 3250 814 3298 in
836 3267 859 3298 v.
879 3254 919 3300 64.
954 3252 1001 3299 For
1019 3251 1062 3300 the
1080 3252 1167 3315 phnse
1188 3267 1299 3314 compare

97 3320 141 3367 the
151 3320 233 3366 hittun
248 3319 311 3365 niter
332 3317 440 3364 ‘timen’
475 3317 524 3364 But
540 3317 608 3364 there
619 3318 641 3364 is
652 3332 683 3365 no
716 3316 808 3371 Cicero,
820 3316 886 3363 Fam.
904 3317 952 3363 rvi.
966 3317 1010 3364 lb:
1029 3322 1044 3344 ‘⁴
1055 3317 1112 3365 Non
1122 3318 1207 3379 ignoro
1222 3333 1297 3380 qusn-

98 3383 173 3431 MSS.
191 3383 313 3443 mthonty
325 3381 362 3429 ior
377 3381 420 3429 the
438 3380 537 3443 chunge,
548 3381 641 3442 though
657 3383 683 3428 in
715 3386 767 3429 turn
780 3380 873 3428 lsbores
883 3395 912 3427 ex
924 3380 1067 3428 desiderio.”

97 3448 166 3495 itseli
180 3449 200 3494 it
222 3448 243 3494 is
265 3451 309 3494 not
330 3445 478 3508 improheble
497 3446 551 3493 thnt
571 3446 615 3493 the
636 3450 683 3493 two
748 3444 866 3505 ³648]
903 3445 950 3492 We
967 3461 1021 3507 msy
1043 3446 1122 3493 notice
1143 3446 1186 3493 the
1207 3445 1298 3507 change

97 3513 177 3560 words
188 3511 312 3573 myhsve
322 3510 383 3558 been
393 3509 563 3571 interchsngtd
573 3509 606 3571 hy
616 3514 682 3558 trun-
716 3508 777 3556 from
789 3511 831 3556 tho
849 3510 975 3557 indicativo
991 3510 1060 3557 mood
1072 3509 1203 3567 ‘credidit’
1219 3516 1245 3557 to
1255 3511 1299 3559 the

99 3577 216 3633 nibem
231 3576 279 3622 end
295 3576 321 3622 in
339 3575 382 3622 the
399 3574 502 3622 nhwnoe
517 3574 546 3622 of
558 3589 606 3636 nny
625 3575 682 3622 such
716 3573 1031 3635 conjunctivehabuerim!
1065 3575 1146 3622 When
1163 3575 1194 3622 he
1213 3575 1299 3636 speaks

99 3641 259 3689 nidenan
274 3645 340 3687 must
355 3639 412 3687 take
427 3638 471 3686 the
486 3640 577 3687 linens
587 3654 623 3687 we
633 3639 683 3687 tind
716 3638 794 3686 nithe
805 3638 908 3685 conduct
919 3637 947 3684 oi
963 3638 1110 3692 Philumene,
1122 3640 1142 3686 it
1157 3640 1178 3686 is
1194 3654 1221 3686 ss
1240 3639 1267 3686 oi
1283 3654 1298 3687 n

99 3708 129 3753 it.
716 3703 764 3750 tect
785 3702 893 3749 exter-nni
912 3707 937 3749 to
959 3702 1057 3750 himself
1062 3721 1069 3757 3
1086 3703 1130 3750 hut
1148 3704 1175 3751 oi
1190 3704 1227 3751 his
1244 3718 1298 3750 own

133 3772 172 3818 ³1.
190 3768 327 3830 umento]
363 3767 458 3815 ‘When
477 3768 520 3816 the
535 3767 602 3815 mind
619 3767 639 3814 is
658 3768 682 3814 in
717 3767 815 3828 [eclings
835 3767 865 3813 ho
882 3767 1001 3827 naturally
1017 3782 1072 3814 uses
1089 3768 1130 3814 the
1147 3768 1298 3828 conjunctive

101 3833 184 3889 doubt,
195 3834 217 3881 it
232 3835 253 3881 ie
270 3833 364 3895 mysd
377 3838 404 3879 to
420 3832 469 3880 this
485 3833 535 3881 side
547 3832 640 3880 orthst
651 3832 683 3893 hy
716 3831 797 3878 meod.
832 3831 916 3879 Hence
927 3845 961 3876 we
974 3831 1024 3878 find
1035 3847 1050 3878 n
1060 3832 1149 3878 similat
1159 3833 1297 3879 distinction

101 3898 206 3960 ulight
225 3896 346 3959 impulse!
386 3896 420 3944 So
441 3895 513 3953 ovid,
535 3896 636 3945 Metem.
658 3911 682 3944 x.
716 3896 822 3943 between
850 3894 919 3943 one's
943 3910 997 3941 own
1023 3896 1101 3943 nction
1124 3897 1170 3943 end
1198 3898 1252 3944 thot
1273 3897 1301 3943 oi

100 3965 162 4019 sisa
716 3961 817 4007 another
830 3960 856 4007 in
868 3960 932 4007 Eun.
944 3959 968 4006 ii.
979 3962 1003 4007 3.
1017 3961 1043 4008 ll
1057 3977 1063 4018 ς
1080 3961 1128 4007 end
1143 3961 1167 4008 in
1178 3962 1209 4010 iv.
1223 3962 1245 4009 1.
1257 3964 1297 4008 2⁶.

109 4056 125 4080 ‘⁴
132 4051 172 4100 Sc
179 4050 275 4099 eninm
284 4049 351 4097 mio
361 4048 492 4097 inheinctus
501 4048 600 4096 vnlnere
614 4052 685 4096 nutet
716 4027 757 4081 Μ’
769 4023 852 4072 ΜΝ·

133 4115 343 4243 Urbana-spone
353 4114 419 4171 ilinc,
430 4119 598 4176 momenuqm
610 4114 684 4161 ,mit
715 4156 740 4200 δ’
749 4091 792 4202 {20
805 4089 996 4203 ξὶοθέἱῖἔκέδ·
1005 4089 1119 4150 Throngh
1127 4087 1182 4135 τοο]
1200 4088 1263 4135 Eun.
1274 4102 1298 4134 v.

747 4219 789 4274 4³,
801 4218 853 4280 44]
888 4218 941 4265 The
951 4218 1111 4265 substantiva
1119 4217 1145 4263 in
1156 4215 1198 4262 the
1209 4214 1298 4262 wcond

97 4285 154 4334 'rho
169 4284 225 4332 idn
238 4282 325 4331 uthai
343 4281 373 4330 os
387 4295 419 4329 sn
440 4281 571 4344 oquipoise‚
593 4296 609 4328 ι
630 4280 683 4328 nioe
714 4281 763 4328 line
781 4283 925 4344 correspond
944 4283 969 4329 in
989 4282 1082 4328 invene
1097 4280 1166 4327 order
1183 4278 1240 4325 with
1257 4277 1299 4325 the

97 4349 208 4398 helenen.
241 4345 429 4397 ‘Momentum’
449 4344 643 4407 (monimentum)
663 4345 684 4392 is
715 4346 842 4406 ndjectives
850 4347 928 4394 nithe
938 4347 991 4392 first
1002 4346 1050 4392 line
1060 4361 1066 4391 ι
1084 4340 1260 4409 ‘consuetudo’
1273 4347 1299 4389 to

98 4411 377 4475 hmthueightthst
392 4416 460 4458 turns
478 4410 521 4458 the
539 4411 602 4458 nesle
621 4409 683 4471 (tru-
717 4410 825 4467 ‘serumst
855 4408 953 4456 ‘amor’
982 4414 1008 4455 to
1031 4404 1223 4461 ‘inhumanum'
1251 4406 1299 4452 end

97 4477 290 4540 timum).
716 4474 822 4535 ‘pudor'
846 4479 872 4520 to
895 4469 1048 4532 ‘ingreium'
1083 4471 1137 4518 ‘Do
1159 4484 1207 4531 you
1229 4469 1300 4517 think

132 4545 175 4592 83.
187 4538 426 4599 monendam]
445 4537 545 4587 culmen
555 4539 684 4599 interprete
716 4553 755 4585 me
766 4554 793 4585 so
804 4535 948 4598 ungi-stetui.
960 4550 986 4582 so
1001 4535 1137 4588 ununturnl.
1149 4549 1177 4580 or
1188 4549 1215 4581 so
1231 4534 1298 4589 rude.

98 4608 157 4665 th'u,
169 4607 234 4654 ‘She
243 4608 265 4655 is
275 4602 386 4666 wsighed
395 4602 464 4651 dorm
470 4603 529 4650 with
537 4602 620 4662 grief?
637 4601 685 4648 sud
716 4602 770 4648 thet
780 4603 873 4648 neither
884 4613 994 4646 common
1005 4598 1116 4659 deccncy,
1128 4614 1172 4645 nor
1182 4599 1243 4655 love,
1255 4614 1300 4647 nor

99 4673 151 4721 thir
166 4676 282 4720 msto
292 4670 344 4717 snit
361 4667 404 4715 the
418 4673 516 4715 context
531 4667 610 4715 better
626 4666 686 4714 then
719 4666 803 4713 shnme
818 4681 862 4712 een
881 4678 950 4710 move
969 4678 1015 4718 me,
1034 4677 1078 4708 nor
1095 4663 1188 4710 remind
1210 4678 1257 4721 me,
1273 4670 1299 4712 to

99 4737 143 4786 the
152 4736 207 4784 idn
215 4736 243 4785 nt
251 4736 298 4784 hor
307 4732 382 4795 hiring
395 4746 453 4779 neu
463 4732 507 4780 her
517 4732 686 4788 continement,
720 4730 780 4791 keep
802 4746 843 4791 my
864 4727 945 4776 word!
990 4727 1159 4776 ‘Consuetudo
1169 4727 1175 4748 ’
1197 4728 1300 4791 literuliy

99 4816 133 4851 on
143 4800 222 4849 visen
236 4804 303 4850 mont
313 4797 343 4847 ot
351 4796 395 4845 the
409 4801 595 4845 commentntors
608 4795 687 4850 insist,
720 4809 803 4842 mecm
813 4797 820 4822 ‘
829 4795 871 4843 the
881 4794 938 4842 hus
948 4791 977 4840 ot
985 4792 1090 4855 society:
1103 4793 1279 4845 ‘civilitatiou'

100 4866 226 4915 miss
235 4880 274 4915 we
288 4860 380 4913 nonu
397 4859 481 4924 hurty
492 4860 553 4909 heve
562 4859 605 4909 the
616 4872 687 4922 qnes-
