2918 4854
677 311 867 393 111111.

259 484 323 557 Qui
337 485 423 548 inter
437 505 495 548 nos
509 479 680 546 discidium
694 482 825 547 volunt:
849 482 933 545 hanc
956 480 1020 545 nisi
1043 503 1127 546 mors
1146 481 1228 545 mihi
1252 482 1372 546 adimet

300 605 403 647 nemo.
734 626 740 641 .

257 681 325 762 My.
350 679 522 764 Resipisco.
568 678 628 742 Pa.
653 679 728 743 Non
751 677 913 763 Apollinis
936 677 1041 763 magis
1063 700 1176 741 verum
1195 685 1291 762 atque
1312 677 1373 741 hoc

301 801 486 864 responsum
501 784 557 840 111.
1221 766 1224 773 ’
1343 793 1374 839 15

259 877 294 941 si
308 878 427 962 poterit
441 876 511 939 fieri
525 882 562 939 ut
577 898 618 938 ne
632 880 723 958 pater
737 897 795 959 per
809 896 860 938 me
875 875 999 938 stetisse
1014 874 1122 937 credat

260 975 331 1046 Quo
345 975 452 1037 minus
467 974 527 1036 hae
542 973 655 1035 fierent
670 972 811 1055 nuptiae,
828 970 908 1035 volo.
954 970 1017 1034 sed
1032 971 1059 1033 si
1074 971 1108 1033 id
1122 993 1187 1034 non
1201 971 1329 1054 poterit,

259 1072 302 1136 Id
316 1074 432 1137 faciam
446 1072 481 1134 in
496 1069 632 1155 proclivi
646 1070 733 1153 quod
747 1076 794 1133 est
809 1092 866 1152 per
880 1091 932 1132 me
947 1069 1069 1133 stetisse
1083 1077 1121 1133 ut
1135 1070 1253 1132 credat.

260 1169 339 1241 Quis
363 1169 498 1234 videor?
546 1167 601 1231 Ch.
625 1167 725 1231 Miser
750 1189 849 1251 aeque
875 1174 972 1251 atque
997 1188 1066 1250 ego.
1110 1167 1172 1230 Do.
1196 1165 1373 1231 Consilium

301 1291 428 1352 quaero.
477 1266 531 1330 Ol.
556 1264 682 1329 Fortis!

258 1365 319 1429 Pa.
344 1365 415 1429 Scio
440 1365 519 1448 quid
542 1363 681 1427 conere?
725 1363 785 1426 Dc.
809 1361 881 1425 Hoc
896 1383 956 1446 ego
981 1361 1043 1425 tibi
1063 1360 1205 1445 profecto
1226 1361 1375 1426 effectum

302 1463 443 1526 reddam.
1341 1477 1375 1522 ao

258 1560 319 1623 Po.
342 1560 418 1622 Jam
431 1558 491 1622 hoc
506 1581 585 1642 opus
600 1564 656 1620 est.
702 1557 763 1618 Do.
789 1555 877 1626 Quin
887 1556 957 1641 jam
971 1556 1081 1620 habeo
1130 1557 1185 1621 Ol.
1203 1557 1290 1628 Quid
1301 1556 1374 1620 est?

301 1658 362 1720 Da.
386 1655 483 1730 Huic,
499 1677 565 1718 non
579 1653 641 1716 tibi
655 1653 765 1727 habeo,
782 1675 823 1715 ne
838 1675 931 1716 erres.

264 1751 318 1816 Ol.
343 1751 399 1816 Sat
414 1752 524 1815 habeo.
569 1750 630 1814 Pa.
655 1749 743 1821 Quid
757 1748 879 1814 facies?
901 1751 987 1815 cedo.
1033 1752 1094 1815 Da.
1118 1751 1195 1815 Dies
1217 1751 1299 1815 mihi
1320 1752 1372 1815 hic

302 1857 340 1912 ut
354 1850 431 1913 satis
445 1849 487 1913 sit
502 1871 613 1913 111111

259 1945 314 2010 Ad
329 1947 507 2031 agendum:
531 1969 572 2009 ne
587 1967 724 2010 vacuum
738 1968 804 2009 1111
819 1967 871 2009 me
885 1967 972 2009 nunc
986 1946 1029 2010 ad
1042 1947 1239 2011 narrandum
1254 1946 1369 2011 credas.

259 2044 398 2108 Proinde
413 2045 490 2108 hinc
504 2067 560 2108 vos
575 2043 770 2107 amolimini:
794 2066 871 2106 nam
885 2043 967 2106 mihi
981 2043 1209 2127 impedimento
1224 2045 1308 2108 estis.

259 2142 319 2207 Pa.
344 2142 415 2227 Ego
430 2143 513 2206 hauc
527 2141 639 2206 risam.
684 2142 744 2205 Da.
770 2141 857 2212 Quid
871 2143 933 2205 tu?
955 2164 1018 2226 quo
1034 2141 1111 2204 hinc
1126 2150 1158 2205 11
1173 2142 1272 2227 agis?
1319 2143 1372 2206 Ol.

303 2239 426 2303 Verum
439 2240 489 2303 vis
504 2239 636 2302 dicam?
679 2239 740 2301 Do.
765 2238 836 2302 Imo
852 2238 950 2301 etiam
1342 2258 1374 2304 25

260 2337 462 2403 Narrationis
476 2337 591 2421 incipit
605 2337 687 2401 mihi
701 2337 841 2401 initium.
890 2337 945 2401 Oh.
971 2335 1058 2408 Quid
1071 2358 1122 2400 me
1136 2336 1218 2400 fiet?

260 2437 320 2500 Da.
344 2437 416 2500 Eho
445 2444 482 2500 tu
510 2435 678 2519 impudens
707 2458 772 2499 non
796 2435 872 2499 satis
895 2434 993 2499 habes
1018 2435 1104 2520 quod
1128 2435 1190 2499 tibi
1218 2435 1376 2500 dieculam

304 2535 386 2598 addo

211 2681 247 2727 la.
266 2681 323 2727 Non
344 2681 469 2741 Apollinis
485 2681 563 2740 mayls
581 2694 666 2728 aerum
688 2684 760 2742 alque
792 2693 854 2740 says,
895 2679 989 2727 ‘What
1023 2679 1055 2727 do
1094 2695 1142 2742 you
1179 2680 1249 2729 think
1280 2682 1308 2729 of
1338 2697 1377 2729 rna

176 2745 222 2793 loe
238 2758 377 2804 responsum
395 2744 441 2805 erl]
478 2744 525 2791 For
542 2745 589 2791 this
603 2759 645 2792 use
660 2745 686 2790 oi
702 2743 758 2791 ‘ac’
792 2745 865 2791 now?
911 2744 953 2791 ot.
987 2743 1043 2792 You
1070 2760 1111 2794 arc
1140 2760 1166 2792 as
1193 2744 1265 2808 badly
1292 2747 1329 2794 os
1350 2762 1377 2795 ss

175 2807 237 2856 alter
255 2807 296 2854 the
312 2809 470 2870 comparative
486 2823 526 2856 see
537 2808 646 2856 Catullus
656 2809 700 2856 lxi.
714 2811 760 2858 169
794 2808 883 2855 lam.'
906 2809 954 2856 Da.
978 2809 990 2856 1
1013 2824 1053 2856 am
1078 2824 1111 2856 on
1132 2809 1174 2857 tha
1198 2810 1255 2858 look
1277 2816 1320 2858 out
1340 2810 1377 2860 lor

175 2875 273 2928 -1711
793 2887 808 2920 a
836 2873 938 2919 scheme.
979 2874 1022 2920 011.
1045 2873 1188 2922 Wonderlnl
1217 2874 1296 2922 sellow
1321 2875 1376 2923 that

274 2965 290 2988 „
304 2961 344 3008 mi
355 2976 404 3008 non
416 2961 497 3008 minu„
507 2962 590 3010 mibi
795 2951 842 2998 you
860 2938 914 2984 arel
952 2938 999 2984 Pa.
1017 2937 1082 2999 Only
1104 2939 1171 2986 mind
1187 2938 1252 2986 what
1269 2954 1318 3001 you
1336 2954 1377 2987 are

303 3026 400 3073 pectore
411 3028 458 3073 urit
499 3027 544 3073 imi
795 3001 886 3048 about!
922 3001 946 3048 It
956 3003 977 3049 is
988 3002 1089 3049 difficult
1105 3008 1131 3050 to
1146 3004 1239 3065 explain
1255 3004 1298 3053 the
1313 3003 1377 3052 ordi-

302 3042 675 3154 snmmaseirpemiinanss’
794 3081 853 3140 ΨΥ
882 3071 942 3123 mir
966 3067 1030 3115 ‘⁸⁰⁵⁰
1051 3067 1108 3129 ‘¹⁰³⁶
1130 3067 1233 3144 6Μῖ
1254 3083 1281 3155 ⁵?
1302 3084 1329 3117 ⁵⁵
1350 3073 1377 3117 ‘⁰

177 3191 224 3240 See
240 3197 296 3239 note
306 3206 338 3239 on
349 3207 372 3238 1.
387 3193 407 3239 l.
418 3194 460 3247 22,
476 3193 523 3239 and
540 3189 686 3240 Macleano’s
702 3195 760 3238 nota
792 3130 954 3256 grvpsastgppid
971 3132 1093 3257 sepespheyl
1095 3133 1186 3245 ι11111111
1187 3132 1221 3245 11ι
1222 3133 1278 3245 'ida‘
1287 3149 1316 3245 ii1
1317 3134 1377 3260 liii

177 3270 210 3304 on
223 3256 504 3313 1111111,811.1.1.46.
792 3259 895 3314 1111111,1
925 3260 1001 3306 which
1029 3260 1061 3307 he
1090 3261 1197 3323 explains
1231 3263 1377 3325 “optimum

213 3323 250 3368 18.
267 3321 297 3367 Ia
312 3323 418 3381 proclivi
440 3322 504 3382 qaod
525 3321 572 3382 erl]
608 3320 637 3367 ‘I
659 3320 706 3366 will
728 3319 760 3367 do
792 3323 917 3371 condilum
940 3325 1063 3378 extundes.
1086 3326 1106 3373 si
1133 3326 1205 3373 modo
1230 3341 1316 3375 nervos
1339 3328 1377 3375 in·-

178 3384 242 3432 whst
262 3385 274 3432 1
296 3386 349 3430 well
372 3401 415 3432 can
438 3390 463 3431 to
487 3386 555 3432 make
578 3385 627 3433 him
649 3384 720 3431 think
741 3385 761 3431 it
793 3387 902 3441 tendas,”
926 3390 1066 3451 comparing
1083 3391 1115 3438 ir.
1140 3390 1161 3439 l.
1181 3391 1290 3446 49,·and
1312 3391 1376 3440 Eun.

177 3464 218 3511 my
240 3448 329 3510 doing!
365 3449 495 3496 ί111111111
520 3450 540 3496 is
565 3450 619 3496 that
641 3449 717 3495 which
740 3449 760 3497 is
794 3467 815 3501 v.
838 3454 861 3499 8.
884 3454 931 3500 26:
957 3453 1086 3503 “Difficile
1108 3459 1153 3503 est.
1196 3456 1241 3503 Ta.
1271 3455 1296 3503 Si
1319 3456 1377 3518 quid

177 3528 211 3562 on
232 3514 274 3560 the
295 3529 346 3574 way
368 3513 523 3570 downwards,
547 3513 624 3560 which
647 3513 667 3560 is
688 3513 760 3576 ready
793 3515 916 3574 conlibuit,
949 3518 1005 3567 novi
1031 3519 1082 3566 te.”
1127 3519 1140 3566 1
1168 3519 1247 3567 would
1275 3535 1377 3582 propose

178 3579 264 3633 tofall,
278 3577 324 3624 and
342 3592 368 3623 11
387 3593 450 3638 easy,
468 3593 493 3624 as
508 3577 681 3637 distinguished
697 3578 759 3624 from
792 3586 819 3627 to
841 3580 896 3627 read
915 3583 991 3629 “sein
1010 3583 1067 3644 quid
1084 3582 1205 3631 conere?”
1227 3598 1376 3632 11111111-

179 3641 310 3705 ‘planum,'
330 3641 383 3688 that
404 3642 481 3688 which
493 3642 513 3689 is
535 3642 630 3702 already
646 3656 678 3689 on
700 3642 760 3688 level
792 3645 835 3705 ing
861 3644 923 3693 srom
956 3647 1094 3709 Pamphilus
1120 3653 1146 3695 to
1175 3648 1256 3696 Davus
1279 3654 1323 3696 not
1350 3654 1377 3696 to

177 3707 278 3769 ground,
301 3707 398 3753 11111111.
433 3705 570 3754 ‘Proclire’
588 3705 706 3753 therefore
717 3706 760 3754 has
793 3708 894 3769 gethim
910 3711 962 3756 into
978 3727 1026 3773 any
1038 3727 1104 3759 mora
1121 3727 1223 3774 serapes.
1257 3713 1377 3775 Compare

178 3787 193 3820 a
210 3772 289 3819 mixed
305 3772 416 3832 meaning
432 3771 458 3817 of
472 3786 526 3818 ease
540 3770 587 3817 and
603 3771 759 3831 unceminty.
793 3773 835 3820 the
858 3774 937 3821 Greek
954 3773 993 3836 ἆρ’
1010 3774 1072 3824 οἶσθ’
1095 3777 1109 3824 ὃ
1127 3775 1237 3837 ladam
1258 3777 1303 3824 ‘be
1322 3793 1377 3825 sure

179 3836 209 3884 ln
229 3837 270 3883 the
290 3836 362 3882 latter
379 3851 493 3883 sensewe
512 3835 596 3882 findit
614 3836 638 3881 in
655 3836 761 3893 Plautus,
794 3852 841 3898 yon
854 3839 920 3885 mind
931 3840 996 3887 what
1012 3855 1061 3901 you
1077 3856 1117 3888 are
1129 3840 1219 3888 about.¹
1253 3842 1300 3889 We
1311 3848 1377 3890 must

178 3901 282 3948 Planans
297 3901 328 3947 iv.
346 3904 369 3948 4.
386 3903 432 3947 88:
454 3901 571 3947 “Faciam
583 3914 627 3960 ego
639 3900 759 3946 hancrem
792 3903 926 3950 remember
944 3904 998 3951 that
1015 3904 1084 3952 these
1102 3906 1169 3967 plays
1188 3920 1250 3953 were
1264 3907 1290 3952 in
1305 3922 1377 3968 many

179 3966 273 4012 Rudent
285 3981 314 4012 ex
327 3966 424 4026 proclivi
433 3964 502 4011 tibi.''
521 3965 556 4012 Its
567 3965 666 4025 original
679 3979 759 4010 mean-
791 3967 871 4028 places
886 3968 1017 4016 translated
1037 3970 1101 4016 word
1119 3970 1155 4016 lor
1173 3971 1238 4018 word
1256 3971 1316 4017 from
1335 3972 1377 4018 the

177 4030 219 4091 iug
237 4031 293 4077 with
316 4030 357 4077 the
375 4030 472 4091 implied
490 4045 559 4076 sense
578 4029 605 4075 of
620 4030 723 4076 easiness
739 4030 759 4076 is
793 4031 880 4078 Greek.
915 4033 1086 4081 Forasimilar
1096 4035 1236 4081 translation
1248 4035 1375 4083 11111111-

178 4094 251 4142 found
269 4096 293 4140 in
308 4095 412 4150 Plautus,
429 4095 523 4157 captiv.
538 4094 562 4141 ii.
575 4098 597 4140 2.
611 4096 657 4141 86:
676 4094 759 4141 “Tam
792 4111 849 4142 mon
870 4096 948 4144 Greek
966 4097 1052 4158 phrase
1069 4113 1109 4145 see
1133 4099 1237 4153 Plautus,
1257 4100 1378 4148 Poenulus

177 4158 223 4204 hoc
234 4160 328 4220 quidem
342 4159 384 4205 libi
396 4161 420 4205 in
432 4160 538 4220 proclivi,
551 4175 621 4221 quam
636 4158 713 4205 imber
723 4164 759 4205 est
790 4161 807 4207 i.
819 4164 843 4208 2.
858 4161 919 4207 165:
939 4166 954 4189 ‘⁶
964 4163 1013 4209 Ad.
1031 4162 1140 4210 Abscede
1151 4164 1207 4209 hinc
1223 4165 1377 4226 sycophanta.

177 4224 273 4283 quando
291 4222 378 4283 pinit,'’
397 4225 473 4282 ‘good
492 4224 546 4269 luck
563 4222 759 4284 isreadytol'all
791 4226 838 4272 Mi.
858 4223 939 4273 Pareo.
965 4225 999 4272 Aa
1015 4227 1065 4273 sein
1084 4227 1240 4289 quomodo?”
1260 4228 1307 4277 sud
1327 4230 1378 4277 Ru·

176 4285 228 4332 into
239 4301 299 4347 your
310 4287 349 4346 lap
360 4287 535 4334 likeashower
545 4287 573 4333 of
580 4286 649 4334 rain!
791 4289 850 4337 dens
869 4288 902 4335 iii.
923 4292 947 4337 5.
971 4291 1017 4337 la:
1047 4291 1163 4353 “Tange,
1182 4293 1224 4341 sed
1245 4294 1295 4340 scin
1318 4309 1378 4356 quo·

212 4350 260 4410 la]
287 4350 308 4396 A
327 4350 389 4409 good
411 4350 464 4397 deal
486 4353 513 4398 ol
532 4358 695 4413 commentsry
717 4351 760 4398 bas
793 4352 901 4402 modo?’'

175 4413 236 4461 been
263 4413 351 4460 wanted
380 4428 411 4459 on
442 4415 490 4462 this
520 4416 576 4463 line.
622 4415 760 4477 Pamphilus
824 4418 864 4474 27.
885 4417 956 4475 Quod
970 4419 1015 4466 tibi
1031 4418 1152 4469 1111111111
1168 4421 1232 4469 adda
1255 4423 1377 4480 Quantam

236 4626 252 4691 l
