2918 4854
448 314 591 381 AOTUS
613 316 653 381 V.
698 316 843 383 SOENA
865 317 893 382 Ι.
1208 319 1270 384 461

157 483 254 549 Unde
268 483 350 548 mihi
364 484 522 550 auxilium
536 488 673 572 petam?

156 583 243 646 Nam
257 606 368 647 vereor
391 583 470 649 hera
489 607 531 648 ne
554 586 594 650 ob
615 609 724 650 meum
745 608 874 651 suasum
896 587 1032 674 indigne
1057 587 1177 674 inju1ia
1202 588 1269 654 uffi-

199 681 322 744 ciatur:

155 778 209 842 Ito
223 787 348 862 putrem
363 778 571 843 adolescentis
586 778 671 844 facta
684 781 763 846 haec
778 781 914 847 tolerare
929 783 1024 847 audio
1039 782 1204 848 violenter.

159 876 215 948 022.
239 877 271 940 N
273 899 325 940 am
339 900 421 963 quoe
443 878 521 942 haeo
536 901 616 943 anus
631 886 679 944 est
693 880 886 958 exanimata,
904 879 1037 945 afratrs
1052 905 1134 966 quae
1144 905 1272 968 egressa
1380 896 1395 923 ‘

199 982 247 1037 est
262 975 359 1039 meo?
1255 998 1271 1044 e

158 1071 209 1135 So.
234 1072 328 1144 Quod
342 1080 379 1136 ut
393 1072 532 1137 facerem
546 1081 671 1159 egestas
684 1098 737 1140 me
751 1075 901 1161 impulit3
925 1099 1025 1161 quum
1047 1077 1161 1141 scirem
1180 1077 1269 1141 infir-

199 1192 268 1232 mas
282 1170 412 1255 nuptias

156 1266 262 1330 Hasce
277 1290 362 1347 esse;
386 1275 422 1331 ut
436 1268 471 1332 id
486 1269 692 1348 consulerem,
708 1270 832 1336 interea
845 1271 914 1337 vita
928 1278 965 1335 ut
979 1272 1014 1336 in
1029 1279 1099 1337 tuto
1114 1272 1204 1337 foret.

160 1364 215 1428 elz.
240 1364 334 1430 Certe
360 1366 500 1451 aedepol,
517 1367 647 1432 nisime
662 1370 788 1434 animus
808 1369 902 1447 fallit,
928 1377 984 1433 aut
1008 1393 1123 1455 parum
1147 1369 1269 1456 prospi-

199 1463 290 1526 ciunt
304 1464 399 1541 oculi,

156 1561 248 1625 Meae
263 1562 422 1627 nutricem
445 1570 562 1649 gnatae
577 1564 679 1630 video.
727 1564 777 1630 So.
801 1565 915 1651 Neque
940 1566 996 1632 ille
1015 1566 1273 1652 investigatur-
1329 1570 1333 1577 ’

202 1659 257 1723 Oa.
283 1659 370 1730 Quid
385 1662 475 1745 ago?

157 1755 208 1820 So.
233 1757 298 1829 Qui
313 1765 360 1822 est
375 1759 443 1845 ejus
457 1766 558 1843 pater.
607 1759 663 1825 Oh.
686 1759 804 1826 Adeo?
827 1783 869 1826 an
891 1782 1015 1839 maneo,
1037 1762 1116 1825 dum
1139 1784 1273 1848 eaquae

198 1855 341 1940 loquitur
355 1856 461 1941 magis
475 1856 658 1941 cognosco?
1241 1878 1273 1924 10

157 1952 208 2016 So.
233 1952 327 2024 Quod
341 1952 368 2016 si
384 1977 458 2018 eum
472 1960 559 2018 nuno'
573 1954 714 2039 reperire
728 1955 857 2039 possim,
872 1956 957 2021 nihil
980 1965 1028 2021 est
1050 1957 1136 2042 quod
1150 1980 1271 2023 verear.

202 2051 257 2115 Oa.
280 2051 330 2114 Ea
345 2057 393 2115 est
408 2050 495 2136 ipse:

156 2147 336 2233 Colloquar.
384 2147 435 2213 So.
460 2147 541 2220 Quis
561 2148 615 2212 hic
634 2148 803 2234 loquitur?
850 2150 905 2216 012.
929 2149 1106 2236 Sophrona.
1152 2150 1204 2217 So.
1228 2152 1273 2217 Er

197 2268 306 2309 meum
319 2268 437 2310 nomen
451 2247 624 2311 nominat?

159 2343 213 2407 Oh.
237 2343 372 2427 Respice
387 2345 429 2408 ed
443 2367 503 2408 me.
550 2344 601 2409 So.
625 2343 679 2422 Di,
703 2345 831 2409 obsecro
851 2367 917 2422 vos,
933 2352 1023 2410 estne
1046 2337 1100 2409 hic
1119 2345 1272 2432 Stilpho?

202 2441 257 2505 Oh.
281 2441 366 2506 Non.
414 2440 465 2506 So.
489 2442 627 2528 Negas?

160 2537 216 2601 Cla.
242 2537 388 2603 Concede
410 2538 533 2604 hinc'a
561 2539 683 2605 foribus
708 2536 876 2624 paululum
901 2539 1060 2619 istorsum‚
1085 2541 1183 2621 sodes,
1215 2542 1270 2608 So·

155 2635 388 2799 Ndlirlhnismo
417 2735 549 2820 posthae
574 2733 704 2799 nomine
728 2731 923 2820 appellassis.
969 2734 1022 2801 So.
1046 2736 1165 2809 Quid?
1194 2761 1270 2817 non,

156 2832 409 3014 Qridiirecsrdhrger
434 2935 466 2993 te
495 2951 562 2994 esse
587 2926 768 2993 dictitastil'
826 2926 881 2994 Oh.
912 2928 968 2996 Sti
1016 2931 1067 2998 So.
1099 2931 1186 3005 Quid
1213 2853 1272 2999 hdd

196 3026 313 3090 motuis
327 3026 436 3092 fores?

159 3122 213 3187 Oa.
241 3122 432 3234 Conclusam
453 3124 507 3190 hio
531 3124 634 3191 habeo
658 3145 792 3189 uxorem
817 3147 963 3191 saevam:
993 3149 1106 3192 verum
1130 3127 1210 3195 istoc
1231 3128 1272 3194 de

154 3243 385 3404 Eonpdilpdeiam
399 3318 477 3383 olim
491 3318 561 3383 dixi
575 3340 616 3383 ne
631 3342 687 3385 vos
702 3317 785 3383 forte
799 3318 1019 3404 imprudentes
1034 3318 1111 3385 foris

67 3515 89 3561 is
101 3513 159 3560 used
171 3513 366 3576 lor‘edquem.'
396 3515 552 3563 Sesnoteon
563 3514 655 3563 Andria
686 3529 735 3562 nes
751 3518 795 3561 not
806 3513 885 3562 solid!
918 3513 1037 3576 Compare
1054 3515 1149 3578 Hecyra
1159 3515 1269 3568 isses

69 3580 102 3626 iii.
115 3583 138 3625 4.
151 3580 191 3633 27.
687 3579 760 3627 “Sed
776 3580 859 3626 firmes
874 3578 920 3626 hee
930 3594 1013 3627 vereor
1030 3584 1057 3627 nt
1072 3580 1122 3629 rint
1137 3581 1269 3644 nuptiee;'’

102 3645 125 3689 3.
147 3644 271 3689 Obmeam
281 3643 392 3704 marum]
428 3643 655 3691 ‘Feriam-afraid
686 3644 893 3692 andseenoteon
907 3643 1121 3694 acaecitate.

68 3708 122 3754 thet
131 3723 170 3767 my
179 3707 284 3754 mistress
292 3708 533 3770 willbeunworthily
541 3709 652 3769 wronged
718 3710 742 3765 7.
766 3709 798 3757 Ur
815 3708 842 3754 r'd
858 3707 1019 3770 consulerem]
1056 3710 1125 3757 ‘And
1136 3725 1177 3772 my
1188 3708 1270 3772 object

68 3773 94 3818 in
114 3786 277 3833 consequence
297 3772 324 3818 of
340 3787 380 3833 my
398 3772 497 3820 advice!
532 3771 651 3820 ‘suasus'
684 3776 733 3821 wel
749 3777 775 3820 to
791 3773 889 3834 provide
906 3773 961 3820 thet
975 3771 1019 3820 she
1034 3773 1112 3835 might
1129 3773 1160 3822 be
1175 3772 1230 3824 able
1244 3781 1271 3825 to

68 3837 125 3883 does
141 3842 184 3882 not
198 3850 269 3882 occur
283 3836 410 3884 elsewhere
424 3836 449 3883 in
462 3835 532 3884 hetin
550 3836 651 3885 classice.
684 3837 730 3884 live
741 3836 832 3899 sefely.'

70 3901 195 3947 Forcellini
213 3906 298 3961 quotes
313 3901 374 3947 from
392 3901 491 3962 Ulpian,
510 3902 567 3962 Dig.
586 3905 604 3947 t.
627 3904 651 3957 2,
720 3903 757 3955 17.
777 3902 920 3949 Conclusam
941 3901 1077 3949 Metalce
1096 3916 1199 3951 exem
1217 3919 1271 3954 rae·

69 3966 85 4012 l.
105 3969 159 4022 {ht
183 3967 210 4012 1:
232 3966 280 4012 “Si
304 3965 357 4026 quis
376 3980 419 4027 per
437 3965 484 4012 vim
504 3967 541 4013 vel
556 3979 653 4012 suasum
686 3964 753 4026 vam]
790 3965 816 4012 ¹1
837 3965 897 4015 heve
913 3969 956 4025 got
975 3979 990 4012 ι
1009 3970 1074 4013 stem
1091 3966 1145 4014 wife
1166 3967 1216 4016 sele
1233 3969 1268 4017 in·

68 4031 269 4076 medicamentum
282 4029 351 4076 el²cui
363 4028 476 4076 infudit.”
686 4029 757 4077 (loom
768 4027 842 4077 here!
877 4028 1048 4077 ‘Conclusam'
1059 4029 1080 4078 ie
1091 4031 1150 4079 used
1161 4046 1188 4079 ιι
1198 4032 1219 4080 il
1227 4034 1271 4082 she

102 4099 125 4141 5.
145 4096 210 4141 Nam
233 4109 294 4154 quae
316 4095 375 4142 doec
397 4110 459 4141 onor
480 4094 527 4155 ert]
573 4093 653 4141 ‘Nem
686 4092 839 4141 wereewild
855 4091 930 4140 benet.
964 4094 1009 4141 See
1025 4098 1083 4142 note
1097 4110 1130 4143 on
1141 4096 1270 4147 nudant

69 4157 356 4221 qnne’for⁴queenam.’
391 4159 435 4206 See
452 4157 654 4206 noteonllndris
686 4160 710 4205 3.
725 4160 762 4205 la.

69 4225 94 4271 ii.
107 4226 180 4271 22⁴.
723 4224 759 4270 le.
780 4220 925 4283 perperam]
958 4221 1270 4287 ‘Andnsorthetneme

102 4292 125 4336 6.
148 4291 226 4343 Quum
243 4289 330 4335 scirem
348 4289 457 4349 infirmae
468 4289 567 4349 nuptiae
583 4288 654 4335 haece
687 4286 770 4349 igere
786 4301 835 4348 you
850 4300 865 4333 ι
879 4285 938 4334 selse
949 4301 1020 4335 neme
1030 4286 1097 4346 then,
1108 4286 1147 4337 for
1156 4289 1207 4337 seer
1216 4290 1272 4341 ther

69 4350 654 4478 {itlrrillttt0ltttldltttttlss
686 4351 1272 4481 l?”rdtl‘.t”t”l‚¹”tt⁰ttat;t⁰t

121 4452 127 4474 Ι
800 4450 808 4476 Y
