2918 4854
448 303 591 369 Aenus
614 305 681 370 III.
726 305 872 372 SOENA
894 307 962 373 III.
1244 311 1307 376 359

189 474 285 556 Nunc
300 475 362 539 huc
378 475 523 561 confugit
538 484 570 540 te
585 484 681 562 atque
695 477 774 542 alios
787 486 917 562 partum
931 486 968 542 ut
982 478 1099 544 celaret
1114 480 1239 544 suurn”

189 570 251 633 Sed
262 595 336 635 oum
345 582 434 635 orata
443 574 510 658 ojus
522 575 716 651 reminiscor,
733 599 855 659 nequeo
869 576 949 661 quin
964 576 1128 640 lacrimem
1142 577 1247 640 miser.
1272 595 1305 642 25

190 669 374 753 “Quaeque
398 670 464 734 fors
486 670 616 736 fortuna
641 674 721 749 est,'’
746 673 862 759 inquit,
888 681 907 708 “
919 674 1011 738 nobis
1033 698 1115 758 quae
1147 682 1180 738 te
1209 673 1304 738 hodie

231 767 357 843 obtulit,
1272 762 1276 769 ’

187 866 251 929 Per
266 889 336 943 eam
352 873 384 927 te
399 865 597 930 obsecramus
613 868 733 942 ambae,
750 867 777 931 si
788 868 851 954 jus,
868 869 896 932 si
910 868 958 933 fas
973 875 1030 944 est,
1046 869 1096 932 uti

187 963 334 1027 Adversa
349 963 417 1048 ejus
431 985 489 1046 per
503 971 535 1026 te
550 971 634 1026 tecta
649 964 810 1049 tacitaque
825 967 911 1054 apud
925 987 1034 1030 omnes
1050 966 1143 1031 sient.

187 1062 222 1125 Si
239 1085 383 1146 unquam
408 1084 485 1145 erga
502 1067 536 1124 te
558 1061 665 1141 animo
688 1056 755 1126 esse
779 1064 881 1128 amico
904 1055 1010 1130 sensti·
1028 1088 1109 1141 eam,
1134 1065 1179 1130 mi
1206 1065 1301 1131 Pam·

230 1160 328 1243 phile,

187 1255 262 1320 Sine
276 1257 383 1322 labore
398 1258 482 1321 hanc
497 1257 635 1342 gratiam
646 1264 679 1321 te
689 1264 727 1320 ut
741 1258 803 1322 sibi
817 1259 872 1322 dea
886 1281 944 1342 pro
959 1260 1016 1323 illa
1030 1282 1116 1324 nuno
1131 1267 1233 1344 rogat.
1268 1277 1302 1326 ³0

188 1354 357 1418 Caeterum
371 1356 411 1418 de
426 1355 605 1418 reducenda
620 1355 655 1417 id
669 1355 767 1419 facias
781 1357 867 1440 quod
881 1357 916 1419 in
931 1379 1000 1420 rem
1015 1357 1056 1421 sit
1071 1365 1170 1435 tuam,

187 1452 352 1517 Parturire
367 1477 438 1516 eam
453 1477 556 1538 neque
572 1455 740 1539 gravidam
754 1477 877 1522 easeex
890 1464 923 1519 te
938 1457 1023 1522 solus
1037 1458 1188 1522 conscius.

186 1551 272 1615 Nam
286 1552 377 1615 aiunt
392 1560 498 1615 tecum
513 1560 584 1636 post
599 1552 720 1616 duobus
735 1554 939 1618 concubuisse
954 1578 1025 1618 eam
1039 1556 1218 1619 mensibus:

186 1650 268 1712 'ihm
282 1657 451 1735 postquam
465 1650 506 1712 ad
520 1657 552 1713 te
567 1650 656 1713 venit
671 1650 794 1734 mensis·
803 1652 912 1735 agitur
925 1652 979 1716 hic
990 1654 1060 1739 jam
1074 1653 1245 1738 septimus;

187 1746 280 1817 Quod
290 1755 322 1810 te
337 1747 417 1810 scire
432 1746 501 1830 ipsa
515 1747 637 1811 indicat
651 1770 710 1811 res.
734 1746 768 1812 N
769 1771 830 1812 unc
845 1748 873 1812 si
887 1750 971 1833 potis
987 1758 1044 1827 eat,
1060 1750 1240 1835 Pamphile,
1265 1765 1298 1815 ³⁵

186 1844 328 1908 Maxime
344 1845 415 1909 volo
430 1845 534 1929 doque
549 1867 678 1928 operam
692 1853 729 1908 ut
743 1845 826 1909 olam
842 1847 969 1910 eveniat
983 1855 1095 1931 partus
1109 1856 1243 1933 petrem,

186 1942 293 2026 Atque
308 1942 386 2005 adeo
400 1963 527 2004 omnes:
551 1942 606 2005 sed
621 1942 647 2005 ai
662 1942 733 2005 fieri
748 1943 782 2005 id
796 1965 862 2006 non
875 1951 980 2027 potest
995 1945 1075 2028 quin
1090 1945 1240 2021 sentiant,

184 2038 299 2103 Dicam
313 2041 461 2104 abortum
475 2061 559 2103 esse:
583 2040 647 2103 scio
661 2039 784 2104 nemini
799 2040 892 2104 aliter
906 2050 1087 2125 suspectum
1102 2042 1169 2107 fore

160 2204 162 2208 ,
186 2138 282 2213 Quin,
299 2138 384 2221 quod
398 2137 570 2201 verisimile
585 2144 642 2213 est,
659 2160 700 2201 ex
714 2145 747 2201 to
761 2146 847 2202 recte
862 2162 935 2203 eum
949 2146 1063 2202 natum
1076 2147 1200 2224 putent,

185 2234 343 2298 Continuo
358 2241 553 2319 exponetur:
575 2234 629 2297 hic
645 2235 705 2298 tibi
719 2235 804 2298 nihil
818 2243 866 2299 est
881 2237 1053 2320 quicquam
1067 2236 1260 2300 incommodi
1272 2259 1280 2315 ;

183 2333 228 2395 Et
242 2333 293 2396 illi
306 2333 439 2397 miserae
455 2333 588 2417 indigne
604 2332 721 2396 factam
736 2333 889 2418 injuriam
904 2318 1114 2398 contexerffil’
1262 2352 1295 2399 ⁴1

184 2430 351 2494 Pollicitus
366 2453 454 2507 sum3
477 2438 509 2494 et
524 2452 649 2493 servare
664 2429 699 2493 in
713 2453 750 2494 eo
765 2437 888 2494 certum
902 2439 950 2495 est
964 2431 1049 2516 quod
1064 2429 1134 2493 dixi
1148 2429 1263 2506 fidem3

183 2527 270 2592 Nam
293 2529 332 2591 de
358 2527 547 2604 reducenda,
566 2528 601 2590 id
622 2550 696 2593 vero
719 2528 906 2612 neutiquam
929 2529 1099 2594 honestum
1122 2550 1188 2592 esse
1212 2527 1296 2591 arbi·

227 2634 316 2703 tr0r;

183 2723 216 2786 N
217 2747 251 2786 ec
267 2724 400 2799 faciam3
424 2723 484 2787 etsi
498 2747 587 2787 amor
601 2747 652 2786 me
668 2723 810 2807 graviter
825 2725 1080 2810 consuetudoque
1095 2724 1162 2809 ojus
1177 2728 1274 2786 tenet.

184 2823 341 2900 Lacrim0,
372 2846 453 2908 quac
482 2823 614 2906 posthac
643 2822 752 2886 futura
781 2830 830 2886 eat
859 2823 927 2887 vita
963 2846 1063 2908 quum
1092 2823 1127 2886 in
1156 2829 1298 2885 mentem

227 2921 326 2997 venit,
1262 2937 1296 2983 45

183 3019 397 3102 Solitudoquc.
443 3017 471 3080 Ο
486 3018 624 3094 fortuna,
641 3025 677 3081 ut
692 3041 858 3102 nunquam
871 3026 1024 3103 perpetuo
1040 3040 1072 3080 es
1086 3017 1185 3081 bona!

182 3117 244 3180 Sed
255 3117 324 3202 jam
338 3116 426 3200 prior
441 3139 529 3180 amor
543 3140 595 3180 me
610 3116 749 3180 adhunc
764 3140 833 3180 rem
847 3117 1057 3180 exercitatum
1072 3115 1222 3192 reddidit,

129 3323 168 3369 26.
188 3323 302 3383 Quaeque
309 3321 369 3383 sors
376 3321 484 3380 fortuna
499 3321 547 3382 est]
579 3319 680 3368 ‘What-
712 3321 820 3368 instance
839 3319 866 3367 of
885 3319 911 3365 it.
946 3317 1057 3365 ‘Gratia'
1080 3317 1105 3365 in
1122 3317 1165 3365 the
1183 3333 1253 3366 sensa
1271 3318 1300 3366 of

96 3402 151 3433 ever
167 3387 346 3447 extraordinary
363 3386 452 3432 chance
468 3385 488 3432 it
504 3385 541 3441 is,'
559 3386 602 3432 she
617 3400 679 3447 says,
713 3383 828 3432 ‘favour'
841 3385 860 3430 is
872 3396 991 3429 common.

98 3451 358 3512 ‘whichhasbrought
372 3466 420 3511 you
431 3466 496 3511 upon
512 3449 680 3511 usto-day,iu
744 3452 784 3504 47.
804 3448 854 3494 Sed
862 3449 916 3508 jam
929 3445 1193 3507 prior...reddidif]
1230 3446 1297 3494 ‘But

95 3515 126 3561 its
138 3530 208 3561 name
220 3531 254 3562 vve
266 3516 323 3563 both
331 3521 424 3562 entreat
435 3530 490 3576 you,
501 3515 523 3561 if
531 3515 621 3561 human
631 3513 679 3561 and
712 3529 752 3574 my
763 3514 852 3559 former
863 3512 916 3558 love
927 3511 994 3558 affair
1005 3510 1048 3556 has
1058 3517 1101 3570 got
1117 3525 1156 3557 me
1171 3511 1223 3556 into
1233 3509 1295 3570 good

96 3579 176 3625 divine
191 3579 234 3626 lsvv
249 3580 296 3626 will
312 3581 381 3627 allow
397 3595 453 3641 you,
470 3584 495 3626 to
513 3579 547 3626 let
564 3579 607 3625 her
622 3579 678 3626 mis-
711 3578 815 3637 traiuing
833 3577 870 3624 for
889 3577 937 3623 this
954 3591 1015 3632 one;
1039 3574 1076 3622 for
1091 3590 1117 3622 as
1138 3574 1150 3621 1
1172 3574 1230 3622 then
1252 3577 1295 3635 get

95 3644 205 3690 fortunas
220 3642 250 3690 be
265 3645 364 3706 entirely
377 3645 465 3691 hidden
476 3643 523 3690 and
541 3643 634 3690 hushcd
645 3658 678 3705 up
710 3642 747 3689 rid
764 3641 792 3688 of
806 3642 826 3690 it
842 3641 874 3703 by
892 3657 931 3703 my
947 3640 1084 3695 resolution,
1096 3654 1123 3686 so
1139 3640 1207 3700 again
1222 3638 1296 3686 livill

95 3723 121 3754 as
141 3708 177 3754 far
199 3723 225 3755 as
246 3723 293 3769 you
309 3725 349 3756 arc
367 3707 517 3757 concerned.'
558 3709 598 3755 On
615 3709 678 3756 ‘fors
711 3721 764 3754 now
780 3706 812 3752 do
828 3722 869 3768 my
880 3706 934 3754 best
950 3705 987 3752 for
1003 3720 1043 3766 my
1059 3708 1155 3766 present
1166 3701 1295 3751 affection!

94 3773 206 3820 fortuna’
227 3788 266 3821 see
285 3780 341 3820 note
359 3789 391 3821 on
411 3773 544 3821 Eunuchus
561 3773 577 3819 i.
596 3776 619 3820 2.
637 3775 677 3819 54.
710 3771 763 3818 The
774 3771 821 3818 last
831 3771 880 3817 line
891 3771 912 3817 is
926 3771 1007 3817 rather
1017 3769 1141 3828 obscurely
1153 3766 1294 3827 exprcsacda

96 3838 259 3885 ‘Adversum’
277 3838 298 3885 is
313 3838 370 3885 herc
385 3837 444 3885 used
456 3854 483 3885 as
497 3854 512 3885 a
523 3837 679 3886 substantiva.
713 3834 757 3882 but
773 3837 804 3882 its
821 3836 933 3895 meaning
948 3835 969 3881 is
986 3839 1029 3880 not
1046 3831 1226 3892 unintelligible.
1260 3832 1295 3881 Aa

94 3902 212 3964 Compare
231 3903 477 3951 uastitatis:
499 3908 514 3929 “
526 3903 571 3949 Hic
585 3903 605 3948 si
622 3901 680 3963 quid
713 3900 744 3947 he
761 3900 807 3946 had
825 3899 860 3946 rid
879 3898 977 3946 himself
993 3899 1020 3945 of
1035 3912 1081 3944 one
1098 3896 1246 3943 attachment
1262 3911 1295 3945 ou

94 3967 163 4014 nobis
175 3968 236 4013 forte
252 3968 343 4014 adversi
359 3967 497 4024 evenerit;'’
515 3968 562 4013 and
573 3967 678 4024 Tacitus,
713 3964 837 4026 principle,
848 3978 875 4010 so
891 3964 923 4008 he
939 3963 986 4009 will
1004 3977 1056 4008 novv
1073 3961 1145 4022 spply
1158 3960 1256 4008 himself
1269 3965 1296 4008 to

93 4032 181 4078 Annul.
199 4033 214 4078 i.
235 4034 261 4079 i:
286 4032 358 4079 “Sed
375 4033 460 4079 veteris
475 4031 557 4093 populi
575 4031 679 4078 Romani
711 4029 804 4089 getting
818 4029 855 4075 rid
872 4027 899 4074 of
915 4027 953 4073 his
972 4030 1068 4088 present
1085 4025 1183 4084 feeliugs
1200 4023 1228 4072 of
1242 4025 1296 4074 lore

93 4112 208 4157 prospera
219 4096 255 4144 rel
267 4097 366 4144 adversa
377 4097 445 4144 claris
462 4095 616 4157 scriptoribus
629 4109 679 4142 me·
712 4092 814 4140 towards
837 4091 874 4138 his
896 4091 957 4137 wife.
991 4090 1093 4151 Bentley
1112 4089 1231 4136 considers
1253 4089 1296 4137 aba

94 4168 186 4208 morata
197 4161 281 4208 sunt.''
712 4158 760 4204 line
777 4163 802 4203 to
819 4156 850 4203 be
866 4156 984 4216 spurious,
1000 4153 1048 4201 and
1066 4154 1135 4200 reads
1155 4154 1234 4205 “Quo
1251 4166 1296 4215 ego

126 4230 166 4271 30.
186 4227 259 4272 Hune
278 4228 385 4286 qratiam
398 4260 403 4271 .
418 4260 424 4271 .
438 4260 444 4272 .
457 4225 509 4285 des]
546 4223 610 4269 ‘She
627 4237 680 4268 novv
713 4220 879 4270 cumconsilio
894 4220 992 4266 missum
1007 4217 1155 4275 feci,c0dem
1171 4218 1293 4279 huicopa·

94 4291 149 4335 aslis
161 4306 208 4352 you
219 4298 245 4336 to
257 4292 287 4335 do
304 4291 347 4336 her
358 4291 406 4337 this
417 4291 501 4336 favour
513 4289 537 4333 in
550 4293 631 4333 return
644 4289 681 4332 for
712 4302 763 4332 ram
778 4282 865 4332 dabo.”
899 4283 997 4331 ‘Idem'
1016 4290 1081 4330 must
1097 4282 1160 4329 refer
1176 4287 1201 4330 to
1219 4281 1296 4343 ‘ega’

95 4355 137 4401 hor
148 4356 258 4416 previous
271 4355 401 4403 kindneas!
437 4354 557 4401 ‘Gratiam
575 4350 645 4397 dare’
660 4352 680 4398 is
714 4351 761 4398 ror
773 4350 819 4396 ‘ad
830 4351 893 4397 hanc
903 4364 953 4397 rem
965 4345 1136 4396 exercitatum’
1148 4362 1187 4394 aee
1198 4347 1223 4394 ii.
1234 4349 1254 4394 l.
1263 4348 1295 4395 δι

94 4435 175 4482 avery
187 4435 239 4466 rare
251 4421 344 4481 phrase.
380 4419 437 4466 ldo
455 4422 498 4465 not
514 4415 564 4464 find
580 4416 682 4463 another
715 4414 869 4463 “Doctaead
880 4410 1295 4476 malitiam‚’'‘psratusadpartea.’
