2918 4854
426 302 569 370 ACTUS
591 304 659 369 ΙΙΙ.
704 304 849 372 SOENA
871 307 932 373 IV.
1217 309 1278 372 361

163 476 242 541 Dies
256 474 394 561 triginta
409 484 465 539 eut
479 476 552 560 plus
567 499 604 540 eo
619 476 654 540 in
669 477 746 541 navi
761 478 818 554 fui,

164 574 246 637 Cum
260 574 383 636 interea
398 596 522 657 semper
536 582 673 637 mortem
689 575 912 659 exspectabam
926 574 1041 651 miser;

163 672 216 735 Ita
231 695 330 756 usque
346 672 477 735 adversa
492 657 680 755 tempestate
694 673 744 735 usi
759 695 876 736 sumus.

163 770 241 833 Par'.
266 770 429 833 Odiosum.
477 769 527 832 Se.
552 769 650 833 Haud
665 770 748 834 clam
762 794 814 833 me
829 777 897 836 est:
921 770 1058 855 denique
1069 770 1176 835 hercle
1188 771 1277 834 aufu-

207 867 310 951 gerim
1247 887 1279 932 ιο

163 965 276 1028 Potius
290 987 387 1048 quem
402 965 539 1040 redeam,
556 966 583 1028 si
598 988 635 1051 eq
649 965 731 1028 mihi
746 966 945 1030 redeundum
960 965 1028 1029 siet.

163 1063 241 1126 Par.
265 1063 353 1125 Olim
368 1064 497 1148 quidem
512 1071 545 1126 te
559 1086 670 1126 causae
685 1063 892 1147 impellebant
906 1062 992 1127 leves

165 1161 258 1231 Quod
272 1184 358 1225 nunc
373 1161 524 1224 minitare
539 1160 642 1226 facere
656 1171 693 1224 ut
708 1161 835 1236 faceres,
852 1160 949 1224 Sosia.

164 1258 226 1322 Sed
242 1258 449 1343 Pamphilum
462 1259 569 1343 ipsum
583 1259 676 1322 video
690 1266 774 1322 stare
789 1265 863 1322 ante
877 1259 1002 1321 ostium.

165 1357 216 1420 Ite
230 1357 334 1420 intro:
358 1380 418 1442 ego
432 1356 519 1420 hunc
535 1357 628 1420 adibo
643 1356 670 1419 si
685 1356 764 1440 quid
777 1379 829 1419 me
842 1355 930 1419 velit.
1245 1377 1276 1423 15

163 1454 261 1530 Here,
278 1455 375 1518 etiam
389 1463 426 1518 tu
440 1455 494 1517 hic
509 1455 599 1518 stas?
642 1454 733 1517 Pam.
757 1453 801 1517 Et
816 1453 947 1538 quidem
962 1460 994 1516 tc
1009 1461 1165 1538 exspecto.
1198 1454 1275 1519 Par.

208 1552 295 1623 Quid
309 1553 383 1647 est?

163 1651 254 1713 Pam.
276 1651 318 1713 ln
333 1674 439 1715 arcem
453 1657 634 1715 transcurso
649 1673 727 1735 opus
742 1658 798 1714 est.
830 1650 907 1714 Per.
925 1649 986 1713 Oui
1000 1650 1149 1716 homini?
1185 1651 1276 1716 Pam.

207 1749 288 1813 Tibi.

163 1849 241 1911 Par.
266 1849 308 1911 In
323 1848 455 1912 arcem?
478 1849 556 1933 quid
570 1849 633 1913 eo?
676 1848 767 1911 Pam.
792 1847 1036 1912 Callidemidem
1050 1850 1208 1935 hospitem

164 1947 360 2030 Myconium,
377 1947 434 2031 qui
447 1969 574 2009 mecum
588 1970 653 2009 una
667 1946 818 2009 advectus
833 1953 889 2021 est,
906 1947 1050 2009 conveni.

163 2043 241 2106 Por.
266 2043 374 2107 Perii!
399 2044 521 2107 vovisse
536 2045 623 2107 huno
637 2040 751 2119 dicam,
769 2043 796 2106 si
811 2041 916 2105 salvus
931 2042 1061 2106 domum
1244 2063 1279 2110 ao

164 2141 311 2205 Redisset
326 2165 476 2226 unquam,
493 2150 530 2205 ut
544 2166 596 2206 me
611 2140 803 2206 ambulando
818 2148 989 2224 rumperet.

163 2239 253 2303 Pom.
279 2240 366 2310 Quid
391 2240 518 2304 cessas?
561 2240 639 2303 Par.
665 2239 751 2309 Quid
774 2238 823 2302 vis
847 2228 977 2301 dicam?
1021 2260 1063 2301 an
1089 2241 1277 2304 conveniam

205 2337 325 2402 modo?

163 2434 253 2498 Pam.
278 2435 359 2512 Imo,
376 2436 461 2520 quod
475 2435 627 2499 constitui
641 2458 693 2498 me
707 2434 802 2498 hodie
818 2441 1049 2498 conventurum
1064 2456 1138 2497 enm

111 2619 134 2665 9.
151 2617 191 2663 Ita
203 2631 277 2677 arque
288 2617 388 2663 adverae
408 2620 548 2677 tempestate
564 2618 603 2663 aei
618 2631 659 2664 eu-
729 2616 764 2663 ll.
784 2616 813 2663 Si
825 2629 851 2662 eo
868 2615 929 2661 miti
948 2615 1099 2661 redeundum
1113 2616 1170 2677 etet]
1207 2616 1276 2665 ‘lt‘I
1304 2658 1307 2673 ,

77 2681 143 2742 mar]
180 2681 206 2727 ‘I
224 2697 271 2728 was
290 2681 366 2742 thirty
384 2681 442 2741 days
460 2697 487 2728 οι·
504 2680 588 2737 more,’
606 2695 660 2742 says
692 2679 739 2726 had
751 2685 777 2726 to
789 2679 958 2726 cometothat
969 2680 1056 2739 again!
1090 2679 1191 2742 Bentley
1208 2682 1277 2729 reads
1323 2723 1329 2730 .

78 2746 214 2803 Sosia,‘on
225 2745 299 2792 heard
310 2746 377 2807 ship3
395 2745 443 2791 and
460 2746 492 2792 all
509 2746 551 2792 the
566 2745 659 2792 whilel
693 2744 795 2791 ‘sciam’
818 2745 855 2791 for
873 2743 951 2799 ‘siet’
973 2745 1039 2791 with
1053 2743 1095 2792 the
1115 2746 1236 2807 authority
1252 2747 1280 2793 oi

77 2826 126 2856 was
148 2811 234 2871 always
255 2811 281 2856 iu
303 2825 334 2856 an
359 2825 445 2871 agony,
471 2811 597 2871 expecting
620 2825 661 2871 my
693 2824 760 2856 aome
771 2809 809 2855 old
821 2809 937 2864 editions3
955 2807 1000 2856 but
1011 2809 1052 2857 the
1067 2810 1158 2870 change
1169 2811 1188 2857 ia
1199 2825 1276 2858 unne-

78 2875 162 2930 death;
182 2874 569 2922 wehadsuchbadweatherthe
585 2875 661 2921 whole
693 2889 794 2935 cessary.
830 2873 859 2920 ln
878 2873 945 2935 reply
965 2880 991 2920 to
1009 2875 1098 2921 Sosia's
1115 2875 1202 2934 t-hreat,
1219 2875 1276 2923 Pur-

77 2938 153 2986 time)
188 2939 403 3001 F0r⁴uaque'see
418 2945 475 2986 note
485 2954 516 2985 on
528 2939 661 2987 Eunuchus
694 2953 765 2985 meno
786 2953 848 2998 says,
868 2938 908 2985 ‘It
927 2939 985 2985 took
1007 2954 1063 3000 very
1084 2940 1147 2986 little
1169 2955 1229 2988 once
1250 2946 1276 2988 to

77 3005 111 3051 iii.
123 3007 146 3051 2.
161 3006 198 3058 lt,
211 3004 256 3050 and
269 3019 379 3064 compare
391 3003 483 3058 Cicero,
494 3004 532 3051 Ad
544 3005 611 3051 Fam.
619 3006 658 3051 xii.
693 3003 763 3050 male
784 3018 832 3065 you
851 3002 882 3048 do
904 3003 968 3050 what
985 3019 1033 3065 you
1051 3019 1104 3051 now
1123 3004 1233 3052 threaten
1249 3010 1276 3053 to

81 3070 126 3117 19:
144 3069 231 3115 “Mihi
249 3069 346 3130 quidem
360 3083 437 3129 usque
452 3084 522 3115 curae
541 3070 587 3116 erit
603 3071 660 3132 quid
693 3067 742 3115 do!

77 3133 160 3194 agns.’'
194 3133 278 3195 Virgil,
292 3133 530 3194 meneutam:
728 3134 765 3180 16.
793 3133 878 3179 Etiam
901 3136 928 3179 ta
951 3134 991 3179 tie
1012 3133 1096 3194 etmt]
1143 3136 1208 3181 ‘Ara
1228 3149 1276 3194 you

693 3197 742 3244 still
764 3197 877 3257 standing
898 3197 983 3243 here?
1029 3197 1139 3244 ‘Etiam'
1162 3199 1182 3245 is
1209 3199 1276 3246 osten

693 3262 751 3309 used
774 3261 806 3322 by
828 3261 934 3308 Terence
955 3261 980 3307 iu
997 3262 1039 3308 the
1057 3276 1125 3308 sense
1144 3263 1172 3309 oi
1187 3264 1275 3311 ‘etiam

694 3342 759 3373 nunc
767 3327 782 3383 ;’
802 3341 842 3373 see
853 3333 910 3373 note
920 3339 952 3370 on
964 3326 1054 3372 Andria
1065 3326 1080 3370 i.
1097 3327 1169 3386 l.‚89.
1204 3328 1276 3375 Some

694 3391 796 3438 editions
814 3391 861 3436 and
884 3391 1043 3450 manuscripts
1065 3390 1126 3435 have
1145 3391 1230 3437 ‘etiam
1248 3397 1276 3439 tn

693 3454 782 3511 nunc3'
800 3454 844 3501 but
863 3453 957 3501 ‘nune’
976 3455 996 3501 is
1016 3453 1102 3514 clearly
1120 3469 1150 3500 an
1168 3454 1274 3503 addition

79 3518 261 3580 ‘Tempestate'
273 3520 293 3566 is
311 3519 367 3566 here
385 3520 444 3566 used
461 3519 485 3565 in
505 3519 548 3566 the
565 3519 660 3580 general
692 3520 806 3568 intended
817 3525 843 3565 to
854 3519 949 3580 explain
961 3519 1048 3566 ‘etiam
1056 3517 1071 3576 ;’
1086 3519 1164 3566 audit
1175 3533 1273 3567 cneum-

79 3599 147 3630 sense
166 3584 194 3630 ot
213 3584 347 3639 ‘westher,'
370 3584 432 3631 ‘bad
450 3584 565 3630 westher'
589 3583 661 3645 being
692 3585 746 3632 bers
757 3586 800 3632 the
811 3589 894 3631 metra.

79 3648 186 3708 signified
200 3648 230 3709 by
241 3649 283 3695 the
292 3649 400 3696 addition
411 3649 439 3696 oi
448 3656 454 3676 ¹
462 3648 577 3697 adversa!
605 3649 660 3695 Itis
728 3652 764 3705 17.
782 3651 812 3697 Ia
824 3664 904 3697 arcem
916 3652 1055 3697 transcurro
1067 3663 1127 3710 epm
1135 3648 1183 3711 eet]
1203 3654 1209 3676 ⁴
1220 3648 1275 3697 Yon

78 3714 145 3760 often
164 3713 223 3759 used
242 3713 266 3759 in
287 3714 328 3761 the
347 3715 456 3775 opposite
476 3728 545 3761 sense
566 3713 624 3760 with
646 3729 660 3760 a
693 3721 758 3761 must
779 3729 825 3761 run
847 3729 904 3760 over
923 3719 949 3760 to
968 3714 1010 3761 the
1037 3714 1170 3775 Acropolis.
1213 3715 1274 3762 Par.

78 3779 400 3840 savourableepithet,asin
413 3779 507 3835 Caesar,
521 3778 581 3825 Bell.
597 3778 659 3825 Gall.
693 3780 758 3826 Who
776 3780 857 3825 must?
891 3779 961 3825 Pam.
979 3777 1051 3825 Yon!
1092 3779 1138 3825 For
1157 3779 1199 3826 the
1218 3794 1275 3825 eon·

78 3844 93 3890 i.
113 3845 158 3890 23:
185 3844 301 3890 “Nactus
321 3844 431 3890 idoneam
448 3843 478 3890 sd
501 3842 660 3903 navigandum
693 3844 810 3891 stmetion
838 3857 947 3902 compare
976 3847 991 3869 ‘⁴
1004 3841 1076 3892 Quod
1104 3850 1187 3903 parato
1214 3858 1275 3903 opus

77 3913 243 3969 tempestatem
263 3909 335 3955 tertia
356 3908 435 3968 vigilia
454 3906 550 3955 solvit.”
584 3906 661 3968 Many
694 3907 757 3964 eat,”
768 3907 903 3954 Andriam
915 3911 939 3954 2.
951 3909 998 3962 43ς
1015 3907 1062 3952 aud
1080 3912 1136 3953 note
1152 3922 1184 3954 on
1201 3908 1234 3954 iii.
1252 3912 1275 3958 ἓ.

77 3974 196 4020 instancea
216 3974 243 4020 ot
258 3973 316 4020 both
337 3988 417 4020 aenaea
435 3988 489 4033 may
508 3972 538 4018 be
557 3986 613 4018 seen
635 3972 660 4017 iu
696 3975 733 4021 lo.
766 3972 819 4019 The
829 3971 907 4017 worda
928 3971 966 4016 ‘in
978 3985 1056 4017 arcem
1068 3976 1204 4019 transcurso
1215 3987 1276 4034 opus

78 4037 213 4084 Forcellini.
246 4039 293 4085 We
311 4053 365 4098 may
385 4052 496 4098 compare
513 4036 557 4082 the
578 4051 620 4082 use
636 4035 663 4082 of
693 4037 745 4084 ast'
758 4035 1158 4097 areoieoursesufficientlyplain
1174 4037 1277 4084 without

78 4102 207 4149 ‘felicitas'
219 4103 244 4148 iu
256 4102 388 4149 Eunuchus
399 4103 423 4149 ii.
436 4103 460 4149 3.
472 4103 512 4157 31,
524 4104 569 4147 32:
693 4102 736 4148 the
745 4102 852 4148 addition
864 4099 891 4146 of
906 4099 948 4145 the
960 4101 1070 4159 peraoual
1086 4115 1211 4161 prononuy
1228 4101 1276 4148 and

694 4164 832 4213 Parmeno's
844 4164 953 4225 question
964 4165 985 4210 ia
997 4165 1085 4225 merely
1096 4180 1111 4211 a
1119 4165 1184 4224 johe.

727 4231 766 4277 23.
781 4231 839 4283 tmo,
849 4228 913 4288 quod
924 4230 1038 4274 constitui
1049 4243 1087 4275 me
1099 4230 1278 4278 todieeomea·

695 4298 778 4341 turam
800 4293 866 4354 eam]
914 4292 1029 4339 Parmeno
1052 4307 1114 4355 says,
1137 4293 1228 4340 ‘What
1245 4294 1278 4342 do

695 4373 743 4419 yon
753 4356 1046 4404 wantmatotellhimt’
1082 4357 1278 4421 ‘Amiculyto

77 3227 104 3285 “⁴
112 3224 163 3270 Aut
174 3224 192 3270 si
205 3239 252 3270 nox
264 3224 368 3284 pluviam
380 3237 410 3269 ne
422 3223 517 3284 colligat
527 3226 583 3269 aute
594 3236 660 3269 vere-

111 3304 308 3439 Οαιιῗιιιιιιιιῐεεηιίοθι
322 3367 398 3414 usque
410 3351 500 3415 (miuus
518 3352 556 3399 via
572 3351 660 3413 laedat)

142 3433 230 3465 eamus.

88 4197 104 4218 “
115 4192 167 4238 Nec
178 4207 314 4254 quenquam
334 4206 386 4238 esse
403 4205 447 4252 ego
464 4189 585 4236 hominem
597 4188 661 4236 arbi-

142 4262 192 4302 tror
203 4259 240 4303 cui
253 4257 328 4316 magis
339 4256 416 4303 bonae

110 4321 245 4368 Felicitates
257 4336 341 4368 omues
352 4321 464 4369 adversae
475 4317 564 4377 sieut,”

77 4422 155 4470 where
166 4437 206 4469 see
218 4425 283 4469 note.
694 4420 949 4485 goandmaethimt'
982 4419 1057 4477 ‘Nm'
1068 4436 1122 4485 says
1130 4421 1277 4485 Pamphilae,
