2918 4854
502 303 855 374 INTRODUO'PION.
1228 311 1285 377 xlv

107 476 247 536 columae
260 475 320 536 and
333 476 407 537 colo.
450 479 467 508 “
484 475 552 536 Volo
563 475 596 536 te
609 477 680 538 dare
693 497 813 557 operam
827 483 862 537 ut
876 476 961 539 fist.”

933 583 1062 661 (Heaut.
1077 583 1115 646 ir.
1132 589 1160 645 5.
1175 588 1241 662 41.)

439 715 457 743 “
471 711 540 771 Volo
554 709 629 772 scire
642 715 733 790 atque
746 709 895 772 hominem
910 711 1097 774 cdnvenire.”

943 817 1083 897 (Adelph.
1099 818 1118 878 i.
1133 823 1161 880 2.
1176 820 1241 897 74.)

74 972 78 981 =
110 952 128 979 “
138 946 257 1026 Ldpids
269 966 320 1007 es:
342 944 402 1006 Sed
415 943 479 1006 scin
493 945 565 1025 quid
578 945 641 1007 volo
654 944 756 1025 potius
770 945 855 1006 sddes
869 944 983 1007 facias?
1031 946 1112 1022 Quid
1126 949 1197 1010 cedo
1207 949 1221 1009 1
1232 951 1250 977 ”

1026 1053 1116 1127 (Hec.
1132 1073 1158 1112 v.
1174 1058 1202 1113 1.
1217 1055 1280 1131 26.)

71 1179 135 1239 The
149 1198 233 1238 same
247 1177 436 1239 contractiori
459 1198 563 1238 occurs
577 1177 609 1237 in
624 1178 717 1237 celica.
758 1166 822 1237 The
845 1177 999 1256 following
1022 1181 1156 1259 example
1180 1181 1207 1240 is
1231 1181 1283 1240 the

71 1284 145 1363 only
159 1303 218 1343 one
233 1282 269 1343 ol
278 1283 331 1342 the
344 1283 533 1344 contraction
547 1282 582 1343 of
592 1283 727 1343 volontas
740 1282 773 1341 in
787 1283 935 1343 Terence:

113 1418 132 1445 “
148 1398 223 1472 Volo*
232 1410 326 1491 ipsius
341 1431 458 1492 quoque
471 1409 621 1472 volontate
633 1410 690 1470 hoc
703 1409 783 1472 fieri:
804 1410 844 1469 ne
858 1430 891 1470 se
904 1410 1028 1490 ejectam
1042 1413 1221 1493 prsddicet.”

973 1517 1107 1594 (Phorm.
1121 1517 1159 1577 iv.
1173 1521 1202 1578 5.
1218 1517 1281 1597 13.)

112 1623 199 1696 solco,
213 1640 271 1680 one
283 1619 438 1680 instance:
836 1689 838 1692 ⁴

582 1729 599 1756 “
612 1758 691 1770 --
705 1723 822 1785 Mitrcs
836 1745 939 1785 omncs
952 1725 1029 1787 sssiis

196 1830 237 1891 In
251 1829 372 1909 peceato
385 1828 555 1909 adjutrices,
569 1830 678 1890 auxilio
691 1828 724 1890 in
738 1837 862 1910 paterna
875 1831 991 1911 injfiria,

197 1935 299 1994 Solent
312 1934 406 1994 isse?
909 1936 1037 2013 (Heaut.
1052 1955 1078 1995 v.
1093 1938 1121 1996 2.
1136 1937 1280 2013 38-40.)

111 2085 206 2127 mor.
250 2062 784 2143 “Primquuodsoeorestdicto.”
911 2043 916 2050 ’
991 2065 1083 2142 (Eun.
1099 2064 1117 2124 i.
1133 2068 1161 2123 2.
1176 2066 1240 2141 oc.)

259 2192 376 2253 “Soror
388 2197 435 2254 cst
449 2190 537 2268 dicta,
551 2191 638 2273 cupio
652 2192 805 2267 abdicere,
820 2198 856 2254 ut
868 2191 987 2253 redddm
1002 2193 1094 2252 suis.”
1288 2281 1291 2285 .

990 2297 1082 2374 (Eun.
1097 2295 1117 2355 i.
1132 2299 1160 2355 2.
1177 2299 1240 2373 77.)
1348 2299 1352 2311 ’

74 2384 223 2460 Compare
236 2378 278 2438 iii
293 2383 322 2439 3.
337 2382 385 2438 19.

112 2513 160 2571 cir
174 2510 202 2570 is
216 2506 389 2568 contracted
402 2506 435 2566 in
449 2527 530 2568 some
544 2527 642 2568 cases:

154 2620 173 2648 “
187 2616 269 2673 Vm'a
283 2613 347 2672 esse
361 2612 497 2673 adversas
511 2612 603 2692 aeque
618 2611 751 2673 studium
764 2613 842 2672 est.”
1002 2612 1092 2689 (Hec.
1107 2611 1138 2671 ii.
1154 2616 1182 2672 1.
1196 2614 1240 2690 5.)

155 2724 173 2753 “
183 2720 313 2778 Factdm
324 2717 405 2777 volo:
428 2724 460 2777 at
472 2717 522 2797 pol
536 2716 635 2776 minus
648 2737 724 2796 queo
737 2718 796 2776 ciri
806 2716 893 2797 csilps
906 2735 992 2795 quam
1008 2736 1054 2776 me
1068 2717 1191 2796 dignum
1205 2720 1281 2779 est.”

962 2820 1096 2898 (Phorm.
1111 2842 1138 2882 v.
1153 2826 1181 2882 3.
1196 2824 1240 2900 4.)

114 2926 205 2966 moro.
251 2903 318 2964 One
327 2902 478 2962 instance:

157 3013 175 3041 “
187 3007 237 3067 Ne
250 3007 330 3066 mdro
339 3006 387 3080 sit,
402 3004 427 3065 si
440 3002 597 3078 innuerim,
612 3004 684 3083 quin
697 3025 817 3085 pugnus
830 3004 973 3065 cdntinuo
987 3005 1018 3065 in
1033 3007 1109 3066 mala
1121 3005 1271 3067 haereat.”

933 3111 1118 3191 (Adelphii.
1133 3116 1161 3173 1.
1177 3112 1240 3190 17.)

115 3249 143 3305 8.
166 3242 184 3302 I
200 3240 351 3321 subjoins
367 3238 423 3300 few
436 3238 659 3301 miscellaneous
679 3239 836 3325 ersmples,
850 3238 946 3300 which
966 3247 1075 3300 cannot
1095 3241 1133 3302 be
1153 3242 1283 3304 referred

76 3357 107 3411 to
120 3371 180 3430 any
195 3346 230 3408 of
240 3346 293 3405 the
306 3343 466 3424 preceding
478 3343 588 3404 heads:

115 3455 206 3512 odeat.
249 3455 267 3482 “
278 3450 374 3528 Prope
388 3442 468 3506 odc'cd
481 3468 572 3527 quum
586 3446 682 3509 alieno
696 3449 778 3508 mdre
792 3446 948 3509 vivendum
962 3448 1009 3508 est
1022 3449 1123 3510 mihi.”

967 3553 1061 3631 (And.
1075 3553 1095 3614 i.
1113 3558 1140 3614 1.
1156 3555 1240 3631 125.)

253 3682 373 3742 “Adest
386 3680 497 3762 dptime
511 3680 574 3762 ipse
587 3679 709 3743 friter.”
985 3679 1076 3758 (Eun.
1091 3702 1117 3742 v.
1133 3684 1161 3740 2.
1177 3681 1240 3757 66.)

253 3811 372 3871 “Adsct
387 3813 532 3873 Parmeno
546 3832 613 3872 cum
627 3811 758 3892 pieris.'’
972 3812 1062 3888 (Hec.
1077 3811 1117 3870 iii.
1133 3813 1162 3868 3.
1176 3808 1240 3884 49.)

115 3941 197 4023 opud
217 3941 243 4001 is
262 3940 345 4000 often
367 3939 558 4020 pronounced
578 3959 610 3998 as
629 3938 686 4007 ad;
708 3936 877 3999 sometimes
898 3937 981 4016 fully,
996 3958 1028 3996 as
1046 3937 1078 3994 in
1096 3936 1148 3994 the
1167 3954 1283 4013 expres·

76 4050 158 4109 sions
179 4044 279 4125 ‘apsrd
299 4044 363 4103 me’
382 4044 473 4122 (Eun.
488 4043 507 4102 i.
522 4047 551 4102 2.
571 4047 619 4103 60.
638 4042 703 4119 72),
723 4041 818 4121 'aphd
835 4040 883 4100 te'
908 4040 999 4116 (Eun.
1017 4039 1036 4097 i.
1056 4042 1084 4098 2.
1104 4039 1168 4114 10),
1188 4039 1284 4117 ‘apid
1408 4060 1415 4070 ·

75 4151 145 4212 vos'
169 4148 262 4227 (Hec.
280 4148 310 4206 ii.
330 4149 439 4223 213),
458 4147 555 4226 ‘apid
574 4147 656 4206 seso’
679 4146 770 4222 (Hec..
789 4145 826 4203 iv.
845 4147 874 4202 4.
894 4144 962 4218 85);
982 4141 1054 4201 with
1073 4162 1153 4202 some
1166 4143 1221 4203 few
1235 4164 1283 4204 ex·

75 4254 223 4335 ceptione.
265 4252 304 4311 In
325 4271 405 4312 some
426 4251 547 4331 phrases
567 4250 592 4310 it
612 4250 638 4311 is
658 4246 851 4328 pronounced
871 4265 904 4306 as
925 4266 983 4305 one
1003 4245 1132 4325 syllable,
1152 4248 1224 4326 long
1243 4248 1283 4328 by

76 4357 226 4439 position:
