<?xml version="1.0" encoding="UTF-8"?>
<!DOCTYPE html PUBLIC "-//W3C//DTD XHTML 1.0 Transitional//EN"
    "http://www.w3.org/TR/xhtml1/DTD/xhtml1-transitional.dtd">
<html xmlns="http://www.w3.org/1999/xhtml" xml:lang="en" lang="en">
 <head>
  <title>
</title>
<meta http-equiv="Content-Type" content="text/html;charset=utf-8" />
  <meta name='ocr-system' content='tesseract 3.04.00' />
  <meta name='ocr-capabilities' content='ocr_page ocr_carea ocr_par ocr_line ocrx_word'/>
</head>
<body>
  <div class='ocr_page' id='page_1' title='image "./comoediaesex00parrgoog_0416.png"; bbox 0 0 2918 4854; ppageno 0'>
   <div class='ocr_carea' id='block_1_1' title="bbox 472 343 925 411">
    <p class='ocr_par' dir='ltr' id='par_1_1' title="bbox 472 343 925 411">
     <span class='ocr_line' id='line_1_1' title="bbox 472 343 925 411; baseline 0.009 -4"><span class='ocrx_word' id='word_1_1' title='bbox 472 343 615 408; x_wconf 79' lang='lat' dir='ltr'>AOTUS</span> <span class='ocrx_word' id='word_1_2' title='bbox 637 344 665 407; x_wconf 97' lang='grc' dir='ltr'>Ι.</span> <span class='ocrx_word' id='word_1_3' title='bbox 710 343 855 409; x_wconf 80' lang='lat' dir='ltr'><strong>SOENA</strong></span> <span class='ocrx_word' id='word_1_4' title='bbox 877 347 925 411; x_wconf 92' lang='grc' dir='ltr'>Π.</span> 
     </span>
    </p>
   </div>
   <div class='ocr_carea' id='block_1_2' title="bbox 184 514 1298 796">
    <p class='ocr_par' dir='ltr' id='par_1_2' title="bbox 184 514 1298 796">
     <span class='ocr_line' id='line_1_2' title="bbox 184 514 1025 607; baseline 0.005 -28"><span class='ocrx_word' id='word_1_5' title='bbox 184 516 249 579; x_wconf 90' lang='lat' dir='ltr'>Hic</span> <span class='ocrx_word' id='word_1_6' title='bbox 263 514 350 579; x_wconf 81' lang='lat' dir='ltr'>intua</span> <span class='ocrx_word' id='word_1_7' title='bbox 365 514 527 578; x_wconf 79' lang='lat' dir='ltr'>Bacchis?</span> <span class='ocrx_word' id='word_1_8' title='bbox 549 516 633 599; x_wconf 93' lang='lat' dir='ltr'>quod</span> <span class='ocrx_word' id='word_1_9' title='bbox 648 537 708 600; x_wconf 85' lang='lat' dir='ltr'>ego</span> <span class='ocrx_word' id='word_1_10' title='bbox 723 537 889 607; x_wconf 58' lang='lat' dir='ltr'>nunquam</span> <span class='ocrx_word' id='word_1_11' title='bbox 905 519 1025 583; x_wconf 82' lang='lat' dir='ltr'>credidi</span> 
     </span>
     <span class='ocr_line' id='line_1_3' title="bbox 184 613 993 708; baseline 0.005 -31"><span class='ocrx_word' id='word_1_12' title='bbox 184 614 266 677; x_wconf 87' lang='lat' dir='ltr'>Fore</span> <span class='ocrx_word' id='word_1_13' title='bbox 281 622 318 677; x_wconf 91' lang='lat' dir='ltr'>ut</span> <span class='ocrx_word' id='word_1_14' title='bbox 331 614 392 677; x_wconf 90' lang='lat' dir='ltr'>hac</span> <span class='ocrx_word' id='word_1_15' title='bbox 407 613 461 677; x_wconf 89' lang='lat' dir='ltr'>ille</span> <span class='ocrx_word' id='word_1_16' title='bbox 475 614 550 677; x_wconf 87' lang='lat' dir='ltr'>viva</span> <span class='ocrx_word' id='word_1_17' title='bbox 564 620 668 708; x_wconf 83' lang='lat' dir='ltr'>posset</span> <span class='ocrx_word' id='word_1_18' title='bbox 683 615 828 678; x_wconf 88' lang='lat' dir='ltr'>animum</span> <span class='ocrx_word' id='word_1_19' title='bbox 842 616 993 681; x_wconf 77' lang='lat' dir='ltr'>inducere</span> 
     </span>
     <span class='ocr_line' id='line_1_4' title="bbox 184 711 1298 796; baseline 0.009 -19"><span class='ocrx_word' id='word_1_20' title='bbox 184 712 327 777; x_wconf 86' lang='lat' dir='ltr'>Uxorem</span> <span class='ocrx_word' id='word_1_21' title='bbox 350 712 476 776; x_wconf 85' lang='lat' dir='ltr'>habere.</span> <span class='ocrx_word' id='word_1_22' title='bbox 522 711 588 792; x_wconf 67' lang='lat' dir='ltr'>Po.</span> <span class='ocrx_word' id='word_1_23' title='bbox 601 712 734 783; x_wconf 83' lang='lat' dir='ltr'>Habere</span> <span class='ocrx_word' id='word_1_24' title='bbox 757 715 892 778; x_wconf 71' lang='lat' dir='ltr'>autem?</span> <span class='ocrx_word' id='word_1_25' title='bbox 935 716 995 781; x_wconf 79' lang='lat' dir='ltr'>Pa.</span> <span class='ocrx_word' id='word_1_26' title='bbox 1020 718 1092 782; x_wconf 88' lang='lat' dir='ltr'>Eho</span> <span class='ocrx_word' id='word_1_27' title='bbox 1106 725 1152 796; x_wconf 88' lang='lat' dir='ltr'>tu,</span> <span class='ocrx_word' id='word_1_28' title='bbox 1168 743 1210 785; x_wconf 86' lang='lat' dir='ltr'>an</span> <span class='ocrx_word' id='word_1_29' title='bbox 1232 745 1298 788; x_wconf 91' lang='lat' dir='ltr'>non</span> 
     </span>
    </p>
   </div>
   <div class='ocr_carea' id='block_1_3' title="bbox 181 814 1298 2261">
    <p class='ocr_par' dir='ltr' id='par_1_3' title="bbox 181 814 1298 2261">
     <span class='ocr_line' id='line_1_5' title="bbox 225 814 1298 886; baseline 0.009 -10"><span class='ocrx_word' id='word_1_30' title='bbox 225 814 348 876; x_wconf 80' lang='lat' dir='ltr'>hahet?</span> <span class='ocrx_word' id='word_1_31' title='bbox 539 857 541 862; x_wconf 93' lang='lat'>-</span> <span class='ocrx_word' id='word_1_32' title='bbox 1263 839 1298 886; x_wconf 75' lang='lat'>25</span> 
     </span>
     <span class='ocr_line' id='line_1_6' title="bbox 182 906 1081 996; baseline 0.004 -23"><span class='ocrx_word' id='word_1_33' title='bbox 182 910 242 974; x_wconf 85' lang='lat' dir='ltr'>Pa.</span> <span class='ocrx_word' id='word_1_34' title='bbox 266 911 392 974; x_wconf 84' lang='lat' dir='ltr'><strong>Habet:</strong></span> <span class='ocrx_word' id='word_1_35' title='bbox 416 909 472 972; x_wconf 86' lang='lat' dir='ltr'>sed</span> <span class='ocrx_word' id='word_1_36' title='bbox 485 908 596 972; x_wconf 84' lang='lat' dir='ltr'>firmae</span> <span class='ocrx_word' id='word_1_37' title='bbox 610 908 671 971; x_wconf 89' lang='lat' dir='ltr'>hae</span> <span class='ocrx_word' id='word_1_38' title='bbox 685 906 797 973; x_wconf 85' lang='lat' dir='ltr'>vereor</span> <span class='ocrx_word' id='word_1_39' title='bbox 811 918 848 975; x_wconf 92' lang='lat' dir='ltr'>ut</span> <span class='ocrx_word' id='word_1_40' title='bbox 863 911 928 976; x_wconf 83' lang='lat' dir='ltr'>nint</span> <span class='ocrx_word' id='word_1_41' title='bbox 942 913 1081 996; x_wconf 86' lang='lat' dir='ltr'>nuptiae.</span> 
     </span>
     <span class='ocr_line' id='line_1_7' title="bbox 184 1005 1107 1090; baseline 0.004 -18"><span class='ocrx_word' id='word_1_42' title='bbox 184 1008 244 1072; x_wconf 78' lang='lat' dir='ltr'>Pu.</span> <span class='ocrx_word' id='word_1_43' title='bbox 269 1009 322 1071; x_wconf 87' lang='lat' dir='ltr'>Ita</span> <span class='ocrx_word' id='word_1_44' title='bbox 336 1007 380 1069; x_wconf 90' lang='lat' dir='ltr'>Di</span> <span class='ocrx_word' id='word_1_45' title='bbox 395 1007 543 1090; x_wconf 84' lang='lat' dir='ltr'>Deaeque</span> <span class='ocrx_word' id='word_1_46' title='bbox 558 1005 673 1082; x_wconf 78' lang='lat' dir='ltr'>faxint,</span> <span class='ocrx_word' id='word_1_47' title='bbox 690 1007 717 1069; x_wconf 82' lang='lat' dir='ltr'>si</span> <span class='ocrx_word' id='word_1_48' title='bbox 732 1007 767 1070; x_wconf 89' lang='lat' dir='ltr'>in</span> <span class='ocrx_word' id='word_1_49' title='bbox 783 1031 850 1071; x_wconf 89' lang='lat' dir='ltr'>rem</span> <span class='ocrx_word' id='word_1_50' title='bbox 866 1017 913 1072; x_wconf 83' lang='lat' dir='ltr'>est</span> <span class='ocrx_word' id='word_1_51' title='bbox 928 1009 1107 1076; x_wconf 79' lang='lat' dir='ltr'>Bacchidis.</span> 
     </span>
     <span class='ocr_line' id='line_1_8' title="bbox 183 1103 1089 1189; baseline 0.007 -22"><span class='ocrx_word' id='word_1_52' title='bbox 183 1105 245 1167; x_wconf 85' lang='lat' dir='ltr'>Sed</span> <span class='ocrx_word' id='word_1_53' title='bbox 260 1105 316 1189; x_wconf 92' lang='lat' dir='ltr'>qui</span> <span class='ocrx_word' id='word_1_54' title='bbox 331 1104 412 1167; x_wconf 83' lang='lat' dir='ltr'>istuc</span> <span class='ocrx_word' id='word_1_55' title='bbox 428 1104 555 1167; x_wconf 89' lang='lat' dir='ltr'>credam</span> <span class='ocrx_word' id='word_1_56' title='bbox 570 1103 615 1165; x_wconf 89' lang='lat' dir='ltr'>ita</span> <span class='ocrx_word' id='word_1_57' title='bbox 631 1104 725 1166; x_wconf 78' lang='lat' dir='ltr'>csse?</span> <span class='ocrx_word' id='word_1_58' title='bbox 747 1104 797 1167; x_wconf 89' lang='lat' dir='ltr'>die</span> <span class='ocrx_word' id='word_1_59' title='bbox 813 1105 904 1181; x_wconf 91' lang='lat' dir='ltr'>mihi,</span> <span class='ocrx_word' id='word_1_60' title='bbox 921 1106 1089 1173; x_wconf 82' lang='lat' dir='ltr'>Parmeno.</span> 
     </span>
     <span class='ocr_line' id='line_1_9' title="bbox 183 1200 968 1285; baseline 0.004 -22"><span class='ocrx_word' id='word_1_61' title='bbox 183 1202 242 1264; x_wconf 87' lang='lat' dir='ltr'>Pa.</span> <span class='ocrx_word' id='word_1_62' title='bbox 266 1203 299 1266; x_wconf 92' lang='lat' dir='ltr'>N</span> <span class='ocrx_word' id='word_1_63' title='bbox 300 1224 342 1266; x_wconf 91' lang='lat' dir='ltr'>on</span> <span class='ocrx_word' id='word_1_64' title='bbox 356 1210 404 1265; x_wconf 85' lang='lat' dir='ltr'>est</span> <span class='ocrx_word' id='word_1_65' title='bbox 418 1224 496 1285; x_wconf 87' lang='lat' dir='ltr'>opus</span> <span class='ocrx_word' id='word_1_66' title='bbox 511 1200 654 1284; x_wconf 89' lang='lat' dir='ltr'>prolato:</span> <span class='ocrx_word' id='word_1_67' title='bbox 678 1201 738 1264; x_wconf 92' lang='lat' dir='ltr'>hoc</span> <span class='ocrx_word' id='word_1_68' title='bbox 752 1203 968 1285; x_wconf 82' lang='lat' dir='ltr'>percontarier</span> 
     </span>
     <span class='ocr_line' id='line_1_10' title="bbox 183 1298 1297 1386; baseline 0.009 -25"><span class='ocrx_word' id='word_1_69' title='bbox 183 1299 316 1363; x_wconf 81' lang='lat' dir='ltr'>Desiste.</span> <span class='ocrx_word' id='word_1_70' title='bbox 361 1299 423 1362; x_wconf 79' lang='lat' dir='ltr'>Pl..</span> <span class='ocrx_word' id='word_1_71' title='bbox 447 1298 571 1382; x_wconf 87' lang='lat' dir='ltr'>Nempe</span> <span class='ocrx_word' id='word_1_72' title='bbox 586 1321 623 1361; x_wconf 92' lang='lat' dir='ltr'>ea</span> <span class='ocrx_word' id='word_1_73' title='bbox 638 1320 740 1375; x_wconf 81' lang='lat' dir='ltr'>causa,</span> <span class='ocrx_word' id='word_1_74' title='bbox 757 1305 794 1361; x_wconf 88' lang='lat' dir='ltr'>ut</span> <span class='ocrx_word' id='word_1_75' title='bbox 809 1322 849 1362; x_wconf 91' lang='lat' dir='ltr'>ne</span> <span class='ocrx_word' id='word_1_76' title='bbox 865 1299 899 1362; x_wconf 88' lang='lat' dir='ltr'>id</span> <span class='ocrx_word' id='word_1_77' title='bbox 913 1300 970 1364; x_wconf 88' lang='lat' dir='ltr'>fiat</span> <span class='ocrx_word' id='word_1_78' title='bbox 983 1302 1100 1386; x_wconf 86' lang='lat' dir='ltr'>palam.</span> <span class='ocrx_word' id='word_1_79' title='bbox 1262 1324 1297 1371; x_wconf 85' lang='lat'>³0</span> 
     </span>
     <span class='ocr_line' id='line_1_11' title="bbox 183 1396 1024 1482; baseline 0.002 -23"><span class='ocrx_word' id='word_1_80' title='bbox 183 1396 235 1459; x_wconf 89' lang='lat' dir='ltr'>Ita</span> <span class='ocrx_word' id='word_1_81' title='bbox 250 1420 301 1459; x_wconf 89' lang='lat' dir='ltr'>me</span> <span class='ocrx_word' id='word_1_82' title='bbox 316 1396 359 1458; x_wconf 90' lang='lat' dir='ltr'>Di</span> <span class='ocrx_word' id='word_1_83' title='bbox 374 1397 535 1472; x_wconf 88' lang='lat' dir='ltr'>amabunt,</span> <span class='ocrx_word' id='word_1_84' title='bbox 552 1396 639 1458; x_wconf 90' lang='lat' dir='ltr'>haud</span> <span class='ocrx_word' id='word_1_85' title='bbox 652 1404 820 1480; x_wconf 87' lang='lat' dir='ltr'>propterea</span> <span class='ocrx_word' id='word_1_86' title='bbox 834 1404 866 1459; x_wconf 91' lang='lat' dir='ltr'>te</span> <span class='ocrx_word' id='word_1_87' title='bbox 881 1419 959 1482; x_wconf 85' lang='lat' dir='ltr'>rogo</span> <span class='ocrx_word' id='word_1_88' title='bbox 1012 1454 1024 1476; x_wconf 78' lang='grc'>,</span> 
     </span>
     <span class='ocr_line' id='line_1_12' title="bbox 182 1493 1041 1580; baseline 0.002 -23"><span class='ocrx_word' id='word_1_89' title='bbox 182 1493 230 1557; x_wconf 91' lang='lat' dir='ltr'>Ut</span> <span class='ocrx_word' id='word_1_90' title='bbox 243 1494 303 1557; x_wconf 92' lang='lat' dir='ltr'>hoo</span> <span class='ocrx_word' id='word_1_91' title='bbox 317 1494 486 1578; x_wconf 88' lang='lat' dir='ltr'>proferam,</span> <span class='ocrx_word' id='word_1_92' title='bbox 503 1493 558 1556; x_wconf 85' lang='lat' dir='ltr'>sed</span> <span class='ocrx_word' id='word_1_93' title='bbox 572 1499 609 1555; x_wconf 86' lang='lat' dir='ltr'>ut</span> <span class='ocrx_word' id='word_1_94' title='bbox 624 1493 721 1556; x_wconf 85' lang='lat' dir='ltr'>tacita</span> <span class='ocrx_word' id='word_1_95' title='bbox 736 1516 861 1557; x_wconf 89' lang='lat' dir='ltr'>mecum</span> <span class='ocrx_word' id='word_1_96' title='bbox 876 1497 1041 1580; x_wconf 85' lang='lat' dir='ltr'>gaudeam.</span> 
     </span>
     <span class='ocr_line' id='line_1_13' title="bbox 182 1591 1114 1679; baseline 0.003 -25"><span class='ocrx_word' id='word_1_97' title='bbox 182 1591 241 1655; x_wconf 85' lang='lat' dir='ltr'>Pa.</span> <span class='ocrx_word' id='word_1_98' title='bbox 266 1592 440 1676; x_wconf 89' lang='lat' dir='ltr'>Nunquam</span> <span class='ocrx_word' id='word_1_99' title='bbox 455 1591 539 1653; x_wconf 81' lang='lat' dir='ltr'>dices</span> <span class='ocrx_word' id='word_1_100' title='bbox 555 1596 622 1653; x_wconf 86' lang='lat' dir='ltr'>tam</span> <span class='ocrx_word' id='word_1_101' title='bbox 637 1592 799 1655; x_wconf 88' lang='lat' dir='ltr'>commodo</span> <span class='ocrx_word' id='word_1_102' title='bbox 813 1601 850 1655; x_wconf 87' lang='lat' dir='ltr'>ut</span> <span class='ocrx_word' id='word_1_103' title='bbox 864 1600 993 1679; x_wconf 82' lang='lat' dir='ltr'>tergum</span> <span class='ocrx_word' id='word_1_104' title='bbox 1007 1617 1114 1657; x_wconf 90' lang='lat' dir='ltr'>meum</span> 
     </span>
     <span class='ocr_line' id='line_1_14' title="bbox 182 1680 1138 1769; baseline 0.004 -17"><span class='ocrx_word' id='word_1_105' title='bbox 182 1688 283 1752; x_wconf 88' lang='lat' dir='ltr'>Tuam</span> <span class='ocrx_word' id='word_1_106' title='bbox 297 1690 332 1752; x_wconf 93' lang='lat' dir='ltr'>in</span> <span class='ocrx_word' id='word_1_107' title='bbox 347 1689 443 1751; x_wconf 88' lang='lat' dir='ltr'>fidem</span> <span class='ocrx_word' id='word_1_108' title='bbox 458 1687 664 1751; x_wconf 87' lang='lat' dir='ltr'>committam.</span> <span class='ocrx_word' id='word_1_109' title='bbox 676 1680 679 1684; x_wconf 41' lang='lat'><strong><em>¹</em></strong></span> <span class='ocrx_word' id='word_1_110' title='bbox 710 1688 772 1751; x_wconf 81' lang='lat' dir='ltr'>Pa</span> <span class='ocrx_word' id='word_1_111' title='bbox 796 1688 851 1753; x_wconf 87' lang='lat' dir='ltr'>Ah</span> <span class='ocrx_word' id='word_1_112' title='bbox 865 1690 943 1768; x_wconf 88' lang='lat' dir='ltr'>noli,</span> <span class='ocrx_word' id='word_1_113' title='bbox 960 1691 1117 1756; x_wconf 90' lang='lat' dir='ltr'>Parmeno</span> <span class='ocrx_word' id='word_1_114' title='bbox 1130 1715 1138 1769; x_wconf 89' lang='lat'>;</span> 
     </span>
     <span class='ocr_line' id='line_1_15' title="bbox 182 1785 1294 1856; baseline 0.006 -7"><span class='ocrx_word' id='word_1_115' title='bbox 182 1785 281 1856; x_wconf 79' lang='lat' dir='ltr'>Quasi</span> <span class='ocrx_word' id='word_1_116' title='bbox 295 1793 332 1849; x_wconf 86' lang='lat' dir='ltr'>tu</span> <span class='ocrx_word' id='word_1_117' title='bbox 346 1809 411 1849; x_wconf 92' lang='lat' dir='ltr'>non</span> <span class='ocrx_word' id='word_1_118' title='bbox 425 1785 528 1849; x_wconf 89' lang='lat' dir='ltr'>multo</span> <span class='ocrx_word' id='word_1_119' title='bbox 542 1785 635 1848; x_wconf 79' lang='lat' dir='ltr'>malie</span> <span class='ocrx_word' id='word_1_120' title='bbox 650 1807 780 1850; x_wconf 80' lang='lat' dir='ltr'>namara</span> <span class='ocrx_word' id='word_1_121' title='bbox 791 1787 851 1851; x_wconf 91' lang='lat' dir='ltr'>hoc</span> <span class='ocrx_word' id='word_1_122' title='bbox 865 1788 948 1850; x_wconf 89' lang='lat' dir='ltr'>mihi</span> <span class='ocrx_word' id='word_1_123' title='bbox 1259 1809 1294 1856; x_wconf 81' lang='lat'>³5</span> 
     </span>
     <span class='ocr_line' id='line_1_16' title="bbox 183 1882 1248 1971; baseline 0.007 -26"><span class='ocrx_word' id='word_1_124' title='bbox 183 1882 287 1953; x_wconf 79' lang='lat' dir='ltr'>Quam</span> <span class='ocrx_word' id='word_1_125' title='bbox 302 1906 362 1968; x_wconf 86' lang='lat' dir='ltr'>ego</span> <span class='ocrx_word' id='word_1_126' title='bbox 376 1905 458 1967; x_wconf 89' lang='lat' dir='ltr'>quae</span> <span class='ocrx_word' id='word_1_127' title='bbox 472 1890 640 1967; x_wconf 88' lang='lat' dir='ltr'>percontor</span> <span class='ocrx_word' id='word_1_128' title='bbox 655 1883 744 1946; x_wconf 87' lang='lat' dir='ltr'>scire.</span> <span class='ocrx_word' id='word_1_129' title='bbox 790 1883 850 1947; x_wconf 86' lang='lat' dir='ltr'>Pa.</span> <span class='ocrx_word' id='word_1_130' title='bbox 875 1884 962 1949; x_wconf 91' lang='lat' dir='ltr'>Vera</span> <span class='ocrx_word' id='word_1_131' title='bbox 975 1885 1054 1951; x_wconf 89' lang='lat' dir='ltr'>haec</span> <span class='ocrx_word' id='word_1_132' title='bbox 1068 1888 1248 1971; x_wconf 88' lang='lat' dir='ltr'>praedicat;</span> 
     </span>
     <span class='ocr_line' id='line_1_17' title="bbox 181 1963 1096 2048; baseline 0.004 -5"><span class='ocrx_word' id='word_1_133' title='bbox 181 1981 225 2044; x_wconf 75' lang='lat' dir='ltr'>nt</span> <span class='ocrx_word' id='word_1_134' title='bbox 239 1981 320 2043; x_wconf 79' lang='lat' dir='ltr'>mua</span> <span class='ocrx_word' id='word_1_135' title='bbox 334 1981 416 2044; x_wconf 76' lang='lat' dir='ltr'>man</span> <span class='ocrx_word' id='word_1_136' title='bbox 429 1981 546 2044; x_wconf 67' lang='lat' dir='ltr'>varum</span> <span class='ocrx_word' id='word_1_137' title='bbox 560 1987 608 2044; x_wconf 63' lang='lat' dir='ltr'>aa</span> <span class='ocrx_word' id='word_1_138' title='bbox 622 1963 807 2044; x_wconf 69' lang='lat' dir='ltr'>maximum.</span> <span class='ocrx_word' id='word_1_139' title='bbox 854 1981 888 2044; x_wconf 76' lang='lat' dir='ltr'>ar</span> <span class='ocrx_word' id='word_1_140' title='bbox 903 1983 985 2046; x_wconf 80' lang='lat' dir='ltr'>moa</span> <span class='ocrx_word' id='word_1_141' title='bbox 999 1983 1096 2048; x_wconf 75' lang='lat' dir='ltr'>finem</span> 
     </span>
     <span class='ocr_line' id='line_1_18' title="bbox 181 2076 1089 2163; baseline 0.004 -23"><span class='ocrx_word' id='word_1_142' title='bbox 181 2077 246 2142; x_wconf 86' lang='lat' dir='ltr'>Das</span> <span class='ocrx_word' id='word_1_143' title='bbox 261 2087 293 2142; x_wconf 92' lang='lat' dir='ltr'>te</span> <span class='ocrx_word' id='word_1_144' title='bbox 307 2079 486 2154; x_wconf 85' lang='lat' dir='ltr'>tacituram,</span> <span class='ocrx_word' id='word_1_145' title='bbox 503 2079 615 2142; x_wconf 88' lang='lat' dir='ltr'>dicam.</span> <span class='ocrx_word' id='word_1_146' title='bbox 661 2077 722 2139; x_wconf 79' lang='lat' dir='ltr'>Pa</span> <span class='ocrx_word' id='word_1_147' title='bbox 746 2076 800 2139; x_wconf 84' lang='lat' dir='ltr'>Ad</span> <span class='ocrx_word' id='word_1_148' title='bbox 815 2077 983 2163; x_wconf 86' lang='lat' dir='ltr'>ingenium</span> <span class='ocrx_word' id='word_1_149' title='bbox 996 2081 1089 2144; x_wconf 85' lang='lat' dir='ltr'>redis.</span> 
     </span>
     <span class='ocr_line' id='line_1_19' title="bbox 181 2173 1131 2261; baseline 0.003 -23"><span class='ocrx_word' id='word_1_150' title='bbox 181 2175 296 2239; x_wconf 85' lang='lat' dir='ltr'>Fidem</span> <span class='ocrx_word' id='word_1_151' title='bbox 310 2177 368 2240; x_wconf 92' lang='lat' dir='ltr'>do:</span> <span class='ocrx_word' id='word_1_152' title='bbox 392 2176 530 2261; x_wconf 89' lang='lat' dir='ltr'>loquere.</span> <span class='ocrx_word' id='word_1_153' title='bbox 576 2175 636 2238; x_wconf 87' lang='lat' dir='ltr'>Pa.</span> <span class='ocrx_word' id='word_1_154' title='bbox 660 2173 825 2238; x_wconf 77' lang='lat' dir='ltr'>Ausculta.</span> <span class='ocrx_word' id='word_1_155' title='bbox 871 2176 932 2239; x_wconf 80' lang='lat' dir='ltr'>Pa</span> <span class='ocrx_word' id='word_1_156' title='bbox 957 2176 1037 2241; x_wconf 84' lang='lat' dir='ltr'>Istic</span> <span class='ocrx_word' id='word_1_157' title='bbox 1052 2200 1131 2241; x_wconf 84' lang='lat' dir='ltr'>aum.</span> 
     </span>
    </p>
   </div>
   <div class='ocr_carea' id='block_1_4' title="bbox 86 2378 1291 4497">
    <p class='ocr_par' dir='ltr' id='par_1_4' title="bbox 86 2378 1291 4497">
     <span class='ocr_line' id='line_1_20' title="bbox 126 2378 1113 2441; baseline -0.001 -12"><span class='ocrx_word' id='word_1_158' title='bbox 126 2384 166 2429; x_wconf 90' lang='grc'>24.</span> <span class='ocrx_word' id='word_1_159' title='bbox 184 2382 299 2428; x_wconf 77' lang='lat' dir='ltr'>Animam</span> <span class='ocrx_word' id='word_1_160' title='bbox 322 2380 437 2428; x_wconf 79' lang='lat' dir='ltr'>inducere</span> <span class='ocrx_word' id='word_1_161' title='bbox 453 2395 554 2429; x_wconf 66' lang='lat' dir='ltr'>uxorem</span> <span class='ocrx_word' id='word_1_162' title='bbox 574 2379 674 2441; x_wconf 76' lang='lat' dir='ltr'>laem]</span> <span class='ocrx_word' id='word_1_163' title='bbox 709 2379 738 2427; x_wconf 88' lang='lat' dir='ltr'>ot&#39;</span> <span class='ocrx_word' id='word_1_164' title='bbox 747 2384 753 2406; x_wconf 79' lang='lat'>⁴</span> <span class='ocrx_word' id='word_1_165' title='bbox 763 2378 853 2426; x_wconf 85' lang='lat' dir='ltr'>autem&#39;</span> <span class='ocrx_word' id='word_1_166' title='bbox 865 2379 1011 2441; x_wconf 83' lang='lat' dir='ltr'>eontlnnelly</span> <span class='ocrx_word' id='word_1_167' title='bbox 1022 2394 1113 2428; x_wconf 80' lang='lat' dir='ltr'>ooenrs.</span> 
     </span>
     <span class='ocr_line' id='line_1_21' title="bbox 95 2444 1291 2506; baseline 0.003 -14"><span class='ocrx_word' id='word_1_168' title='bbox 95 2446 224 2492; x_wconf 76' lang='lat' dir='ltr'>‘Animum</span> <span class='ocrx_word' id='word_1_169' title='bbox 235 2444 676 2506; x_wconf 85' lang='lat' dir='ltr'>inducere&#39;ieaveryoommonidiom</span> <span class='ocrx_word' id='word_1_170' title='bbox 743 2446 782 2499; x_wconf 85' lang='grc'>27.</span> <span class='ocrx_word' id='word_1_171' title='bbox 800 2445 840 2491; x_wconf 81' lang='lat' dir='ltr'>Ita</span> <span class='ocrx_word' id='word_1_172' title='bbox 863 2445 898 2490; x_wconf 82' lang='lat' dir='ltr'>Da&#39;</span> <span class='ocrx_word' id='word_1_173' title='bbox 915 2445 1028 2505; x_wconf 75' lang='lat' dir='ltr'>Deaeque</span> <span class='ocrx_word' id='word_1_174' title='bbox 1042 2444 1145 2506; x_wconf 74' lang='lat' dir='ltr'>faeiat]</span> <span class='ocrx_word' id='word_1_175' title='bbox 1185 2444 1232 2493; x_wconf 71' lang='lat' dir='ltr'>ror</span> <span class='ocrx_word' id='word_1_176' title='bbox 1249 2446 1291 2495; x_wconf 87' lang='lat' dir='ltr'>the</span> 
     </span>
     <span class='ocr_line' id='line_1_22' title="bbox 93 2508 1290 2571; baseline 0.003 -14"><span class='ocrx_word' id='word_1_177' title='bbox 93 2511 121 2557; x_wconf 82' lang='lat' dir='ltr'>os</span> <span class='ocrx_word' id='word_1_178' title='bbox 128 2510 241 2561; x_wconf 87' lang='lat' dir='ltr'>Terence,</span> <span class='ocrx_word' id='word_1_179' title='bbox 251 2510 297 2555; x_wconf 89' lang='lat' dir='ltr'>and</span> <span class='ocrx_word' id='word_1_180' title='bbox 308 2510 329 2556; x_wconf 92' lang='lat' dir='ltr'>is</span> <span class='ocrx_word' id='word_1_181' title='bbox 339 2510 397 2556; x_wconf 86' lang='lat' dir='ltr'>used</span> <span class='ocrx_word' id='word_1_182' title='bbox 409 2510 434 2556; x_wconf 90' lang='lat' dir='ltr'>in</span> <span class='ocrx_word' id='word_1_183' title='bbox 446 2511 539 2556; x_wconf 83' lang='lat' dir='ltr'>various</span> <span class='ocrx_word' id='word_1_184' title='bbox 546 2524 624 2570; x_wconf 72' lang='lat' dir='ltr'>waya,</span> <span class='ocrx_word' id='word_1_185' title='bbox 637 2508 675 2571; x_wconf 89' lang='lat' dir='ltr'>(l)</span> <span class='ocrx_word' id='word_1_186' title='bbox 708 2508 771 2556; x_wconf 83' lang='lat' dir='ltr'>form</span> <span class='ocrx_word' id='word_1_187' title='bbox 789 2508 898 2556; x_wconf 78' lang='lat' dir='ltr'>‘faxint&#39;</span> <span class='ocrx_word' id='word_1_188' title='bbox 919 2523 959 2555; x_wconf 87' lang='lat' dir='ltr'>aee</span> <span class='ocrx_word' id='word_1_189' title='bbox 975 2514 1032 2555; x_wconf 91' lang='lat' dir='ltr'>note</span> <span class='ocrx_word' id='word_1_190' title='bbox 1053 2523 1086 2555; x_wconf 92' lang='lat' dir='ltr'>on</span> <span class='ocrx_word' id='word_1_191' title='bbox 1103 2509 1194 2556; x_wconf 76' lang='lat' dir='ltr'>Andria</span> <span class='ocrx_word' id='word_1_192' title='bbox 1212 2510 1243 2558; x_wconf 86' lang='lat' dir='ltr'>iv.</span> <span class='ocrx_word' id='word_1_193' title='bbox 1265 2513 1290 2560; x_wconf 88' lang='grc'>4.</span> 
     </span>
     <span class='ocr_line' id='line_1_23' title="bbox 94 2572 747 2634; baseline -0.002 -13"><span class='ocrx_word' id='word_1_194' title='bbox 94 2574 151 2621; x_wconf 78' lang='lat' dir='ltr'>with</span> <span class='ocrx_word' id='word_1_195' title='bbox 162 2589 192 2620; x_wconf 83' lang='lat' dir='ltr'>en</span> <span class='ocrx_word' id='word_1_196' title='bbox 204 2574 320 2620; x_wconf 82' lang='lat' dir='ltr'>infinitivo</span> <span class='ocrx_word' id='word_1_197' title='bbox 330 2574 458 2634; x_wconf 80' lang='lat' dir='ltr'>following,</span> <span class='ocrx_word' id='word_1_198' title='bbox 469 2588 495 2620; x_wconf 90' lang='lat' dir='ltr'>as</span> <span class='ocrx_word' id='word_1_199' title='bbox 503 2573 568 2619; x_wconf 86' lang='lat' dir='ltr'>here.</span> <span class='ocrx_word' id='word_1_200' title='bbox 602 2572 674 2619; x_wconf 90' lang='lat' dir='ltr'>Com·</span> <span class='ocrx_word' id='word_1_201' title='bbox 710 2574 747 2620; x_wconf 78' lang='lat'>13.</span> 
     </span>
     <span class='ocr_line' id='line_1_24' title="bbox 94 2637 1291 2700; baseline 0.003 -17"><span class='ocrx_word' id='word_1_202' title='bbox 94 2653 151 2700; x_wconf 82' lang='lat' dir='ltr'>pere</span> <span class='ocrx_word' id='word_1_203' title='bbox 168 2637 259 2685; x_wconf 80' lang='lat' dir='ltr'>Andria</span> <span class='ocrx_word' id='word_1_204' title='bbox 276 2653 299 2684; x_wconf 85' lang='lat' dir='ltr'>r.</span> <span class='ocrx_word' id='word_1_205' title='bbox 321 2639 342 2685; x_wconf 89' lang='lat' dir='ltr'>l.</span> <span class='ocrx_word' id='word_1_206' title='bbox 364 2639 408 2684; x_wconf 86' lang='lat' dir='ltr'>llt:</span> <span class='ocrx_word' id='word_1_207' title='bbox 436 2637 513 2684; x_wconf 88' lang='lat' dir='ltr'>“Oro</span> <span class='ocrx_word' id='word_1_208' title='bbox 531 2642 558 2682; x_wconf 89' lang='lat' dir='ltr'>ut</span> <span class='ocrx_word' id='word_1_209' title='bbox 576 2651 607 2682; x_wconf 90' lang='lat' dir='ltr'>ne</span> <span class='ocrx_word' id='word_1_210' title='bbox 628 2637 675 2684; x_wconf 92' lang='lat' dir='ltr'>illis</span> <span class='ocrx_word' id='word_1_211' title='bbox 739 2639 779 2685; x_wconf 81' lang='grc'>29.</span> <span class='ocrx_word' id='word_1_212' title='bbox 809 2638 866 2683; x_wconf 77' lang='lat' dir='ltr'>Noe</span> <span class='ocrx_word' id='word_1_213' title='bbox 889 2640 924 2683; x_wconf 83' lang='lat' dir='ltr'>eet</span> <span class='ocrx_word' id='word_1_214' title='bbox 947 2651 1007 2698; x_wconf 79' lang='lat' dir='ltr'>opus</span> <span class='ocrx_word' id='word_1_215' title='bbox 1024 2637 1135 2698; x_wconf 80' lang='lat' dir='ltr'>prolato]</span> <span class='ocrx_word' id='word_1_216' title='bbox 1179 2639 1221 2685; x_wconf 83' lang='lat' dir='ltr'>‘It</span> <span class='ocrx_word' id='word_1_217' title='bbox 1242 2639 1291 2687; x_wconf 83' lang='lat' dir='ltr'>will</span> 
     </span>
     <span class='ocr_line' id='line_1_25' title="bbox 93 2700 1291 2763; baseline 0.001 -14"><span class='ocrx_word' id='word_1_218' title='bbox 93 2703 199 2749; x_wconf 87' lang='lat' dir='ltr'>animam</span> <span class='ocrx_word' id='word_1_219' title='bbox 219 2702 317 2749; x_wconf 86' lang='lat' dir='ltr'>inducas</span> <span class='ocrx_word' id='word_1_220' title='bbox 335 2700 456 2749; x_wconf 78' lang='lat' dir='ltr'>medere.”</span> <span class='ocrx_word' id='word_1_221' title='bbox 490 2701 621 2748; x_wconf 77' lang='lat' dir='ltr'>Eunuchus</span> <span class='ocrx_word' id='word_1_222' title='bbox 640 2703 673 2749; x_wconf 90' lang='lat' dir='ltr'>iii.</span> <span class='ocrx_word' id='word_1_223' title='bbox 707 2715 779 2747; x_wconf 85' lang='lat' dir='ltr'>never</span> <span class='ocrx_word' id='word_1_224' title='bbox 790 2700 869 2748; x_wconf 78' lang='lat' dir='ltr'>dolor</span> <span class='ocrx_word' id='word_1_225' title='bbox 884 2700 925 2748; x_wconf 86' lang='lat' dir='ltr'>the</span> <span class='ocrx_word' id='word_1_226' title='bbox 936 2706 1111 2763; x_wconf 83' lang='lat' dir='ltr'>mattertnget</span> <span class='ocrx_word' id='word_1_227' title='bbox 1130 2702 1209 2749; x_wconf 67' lang='lat' dir='ltr'>wind!</span> <span class='ocrx_word' id='word_1_228' title='bbox 1244 2702 1291 2751; x_wconf 79' lang='lat' dir='ltr'>For</span> 
     </span>
     <span class='ocr_line' id='line_1_26' title="bbox 93 2765 1289 2829; baseline 0.002 -15"><span class='ocrx_word' id='word_1_229' title='bbox 93 2769 117 2814; x_wconf 91' lang='grc'>2.</span> <span class='ocrx_word' id='word_1_230' title='bbox 129 2769 174 2821; x_wconf 81' lang='lat'>37:</span> <span class='ocrx_word' id='word_1_231' title='bbox 194 2766 266 2817; x_wconf 78' lang='lat' dir='ltr'>“Qui</span> <span class='ocrx_word' id='word_1_232' title='bbox 277 2767 333 2813; x_wconf 87' lang='lat' dir='ltr'>huie</span> <span class='ocrx_word' id='word_1_233' title='bbox 344 2766 450 2813; x_wconf 82' lang='lat' dir='ltr'>animum</span> <span class='ocrx_word' id='word_1_234' title='bbox 458 2766 576 2812; x_wconf 73' lang='lat' dir='ltr'>assentari</span> <span class='ocrx_word' id='word_1_235' title='bbox 588 2765 674 2813; x_wconf 83' lang='lat' dir='ltr'>indux-</span> <span class='ocrx_word' id='word_1_236' title='bbox 707 2765 749 2812; x_wconf 86' lang='lat' dir='ltr'>the</span> <span class='ocrx_word' id='word_1_237' title='bbox 767 2780 836 2812; x_wconf 79' lang='lat' dir='ltr'>senae</span> <span class='ocrx_word' id='word_1_238' title='bbox 855 2781 891 2812; x_wconf 77' lang='lat' dir='ltr'>we</span> <span class='ocrx_word' id='word_1_239' title='bbox 905 2781 960 2826; x_wconf 91' lang='lat' dir='ltr'>may</span> <span class='ocrx_word' id='word_1_240' title='bbox 979 2780 1090 2828; x_wconf 85' lang='lat' dir='ltr'>compare</span> <span class='ocrx_word' id='word_1_241' title='bbox 1107 2767 1209 2829; x_wconf 76' lang='lat' dir='ltr'>Adelphi</span> <span class='ocrx_word' id='word_1_242' title='bbox 1221 2768 1251 2815; x_wconf 91' lang='lat' dir='ltr'>iii.</span> <span class='ocrx_word' id='word_1_243' title='bbox 1265 2771 1289 2816; x_wconf 87' lang='grc'>2.</span> 
     </span>
     <span class='ocr_line' id='line_1_27' title="bbox 93 2829 1289 2892; baseline 0.003 -15"><span class='ocrx_word' id='word_1_244' title='bbox 93 2829 165 2877; x_wconf 85' lang='lat' dir='ltr'>eris.”</span> <span class='ocrx_word' id='word_1_245' title='bbox 189 2831 219 2877; x_wconf 92' lang='lat' dir='ltr'>ln</span> <span class='ocrx_word' id='word_1_246' title='bbox 232 2832 327 2892; x_wconf 84' lang='lat' dir='ltr'>Hecyra</span> <span class='ocrx_word' id='word_1_247' title='bbox 337 2831 368 2877; x_wconf 84' lang='lat' dir='ltr'>iv.</span> <span class='ocrx_word' id='word_1_248' title='bbox 380 2834 404 2877; x_wconf 92' lang='grc'>2.</span> <span class='ocrx_word' id='word_1_249' title='bbox 416 2833 463 2885; x_wconf 72' lang='grc' dir='ltr'>27ι</span> <span class='ocrx_word' id='word_1_250' title='bbox 482 2830 673 2878; x_wconf 84' lang='lat' dir='ltr'>‘&#39;Nantutein-</span> <span class='ocrx_word' id='word_1_251' title='bbox 709 2830 754 2876; x_wconf 73' lang='lat' dir='ltr'>tls</span> <span class='ocrx_word' id='word_1_252' title='bbox 773 2830 871 2877; x_wconf 85' lang='lat' dir='ltr'>“Nune</span> <span class='ocrx_word' id='word_1_253' title='bbox 890 2831 910 2877; x_wconf 86' lang='lat' dir='ltr'>si</span> <span class='ocrx_word' id='word_1_254' title='bbox 930 2830 976 2877; x_wconf 88' lang='lat' dir='ltr'>hoc</span> <span class='ocrx_word' id='word_1_255' title='bbox 993 2831 1071 2892; x_wconf 81' lang='lat' dir='ltr'>palam</span> <span class='ocrx_word' id='word_1_256' title='bbox 1088 2831 1230 2892; x_wconf 78' lang='lat' dir='ltr'>proterimus</span> <span class='ocrx_word' id='word_1_257' title='bbox 1249 2833 1289 2880; x_wconf 93' lang='lat' dir='ltr'>ille</span> 
     </span>
     <span class='ocr_line' id='line_1_28' title="bbox 93 2893 1289 2954; baseline 0.004 -14"><span class='ocrx_word' id='word_1_258' title='bbox 93 2895 241 2942; x_wconf 82' lang='lat' dir='ltr'>commodam</span> <span class='ocrx_word' id='word_1_259' title='bbox 253 2896 361 2942; x_wconf 91' lang='lat' dir='ltr'>rem—in</span> <span class='ocrx_word' id='word_1_260' title='bbox 373 2896 479 2941; x_wconf 88' lang='lat' dir='ltr'>animum</span> <span class='ocrx_word' id='word_1_261' title='bbox 488 2895 586 2941; x_wconf 88' lang='lat' dir='ltr'>induces</span> <span class='ocrx_word' id='word_1_262' title='bbox 595 2894 672 2954; x_wconf 89' lang='lat' dir='ltr'>pati,”</span> <span class='ocrx_word' id='word_1_263' title='bbox 706 2894 794 2942; x_wconf 84' lang='lat' dir='ltr'>infitias</span> <span class='ocrx_word' id='word_1_264' title='bbox 811 2893 864 2951; x_wconf 90' lang='lat' dir='ltr'>ibit,</span> <span class='ocrx_word' id='word_1_265' title='bbox 876 2899 913 2942; x_wconf 86' lang='lat' dir='ltr'>sat</span> <span class='ocrx_word' id='word_1_266' title='bbox 930 2895 1004 2952; x_wconf 87' lang='lat' dir='ltr'>scio,”</span> <span class='ocrx_word' id='word_1_267' title='bbox 1016 2896 1063 2943; x_wconf 85' lang='lat' dir='ltr'>end</span> <span class='ocrx_word' id='word_1_268' title='bbox 1074 2896 1100 2942; x_wconf 89' lang='lat' dir='ltr'>in</span> <span class='ocrx_word' id='word_1_269' title='bbox 1111 2895 1160 2942; x_wconf 92' lang='lat' dir='ltr'>this</span> <span class='ocrx_word' id='word_1_270' title='bbox 1176 2911 1254 2950; x_wconf 87' lang='lat' dir='ltr'>scene,</span> <span class='ocrx_word' id='word_1_271' title='bbox 1265 2912 1289 2945; x_wconf 83' lang='lat' dir='ltr'>v.</span> 
     </span>
     <span class='ocr_line' id='line_1_29' title="bbox 92 2959 1288 3022; baseline 0.003 -17"><span class='ocrx_word' id='word_1_272' title='bbox 92 2974 126 3005; x_wconf 77' lang='lat' dir='ltr'>we</span> <span class='ocrx_word' id='word_1_273' title='bbox 138 2960 198 3006; x_wconf 88' lang='lat' dir='ltr'>have</span> <span class='ocrx_word' id='word_1_274' title='bbox 208 2975 224 3006; x_wconf 86' lang='lat' dir='ltr'>a</span> <span class='ocrx_word' id='word_1_275' title='bbox 233 2960 305 3020; x_wconf 77' lang='lat' dir='ltr'>slight</span> <span class='ocrx_word' id='word_1_276' title='bbox 316 2960 429 3006; x_wconf 76' lang='lat' dir='ltr'>sanction</span> <span class='ocrx_word' id='word_1_277' title='bbox 440 2960 468 3006; x_wconf 83' lang='lat' dir='ltr'>ol</span> <span class='ocrx_word' id='word_1_278' title='bbox 476 2959 518 3005; x_wconf 89' lang='lat' dir='ltr'>the</span> <span class='ocrx_word' id='word_1_279' title='bbox 529 2959 624 3020; x_wconf 78' lang='lat' dir='ltr'>phrase,</span> <span class='ocrx_word' id='word_1_280' title='bbox 635 2959 673 3022; x_wconf 90' lang='grc'>(2)</span> <span class='ocrx_word' id='word_1_281' title='bbox 706 2960 754 3014; x_wconf 77' lang='grc' dir='ltr'>744ι</span> <span class='ocrx_word' id='word_1_282' title='bbox 773 2964 788 2986; x_wconf 89' lang='grc'>“</span> <span class='ocrx_word' id='word_1_283' title='bbox 800 2959 854 3006; x_wconf 86' lang='lat' dir='ltr'>Hoc</span> <span class='ocrx_word' id='word_1_284' title='bbox 864 2974 909 3020; x_wconf 89' lang='lat' dir='ltr'>ego</span> <span class='ocrx_word' id='word_1_285' title='bbox 920 2959 1025 3021; x_wconf 79' lang='lat' dir='ltr'>proferre</span> <span class='ocrx_word' id='word_1_286' title='bbox 1035 2961 1214 3009; x_wconf 87' lang='lat' dir='ltr'>incommodum</span> <span class='ocrx_word' id='word_1_287' title='bbox 1229 2961 1288 3009; x_wconf 89' lang='lat' dir='ltr'>mihi</span> 
     </span>
     <span class='ocr_line' id='line_1_30' title="bbox 93 3023 1289 3085; baseline 0.003 -15"><span class='ocrx_word' id='word_1_288' title='bbox 93 3024 148 3070; x_wconf 76' lang='lat' dir='ltr'>with</span> <span class='ocrx_word' id='word_1_289' title='bbox 166 3039 196 3070; x_wconf 85' lang='lat' dir='ltr'>an</span> <span class='ocrx_word' id='word_1_290' title='bbox 220 3023 334 3085; x_wconf 83' lang='lat' dir='ltr'>objective</span> <span class='ocrx_word' id='word_1_291' title='bbox 353 3024 433 3071; x_wconf 88' lang='lat' dir='ltr'>clause</span> <span class='ocrx_word' id='word_1_292' title='bbox 453 3024 582 3084; x_wconf 75' lang='lat' dir='ltr'>following,</span> <span class='ocrx_word' id='word_1_293' title='bbox 604 3024 672 3073; x_wconf 89' lang='lat' dir='ltr'>asin</span> <span class='ocrx_word' id='word_1_294' title='bbox 706 3023 895 3071; x_wconf 85' lang='lat' dir='ltr'>essearbitror.”</span> <span class='ocrx_word' id='word_1_295' title='bbox 927 3024 974 3071; x_wconf 80' lang='lat' dir='ltr'>For</span> <span class='ocrx_word' id='word_1_296' title='bbox 984 3024 1026 3071; x_wconf 84' lang='lat' dir='ltr'>the</span> <span class='ocrx_word' id='word_1_297' title='bbox 1038 3026 1199 3072; x_wconf 86' lang='lat' dir='ltr'>construction</span> <span class='ocrx_word' id='word_1_298' title='bbox 1211 3027 1239 3072; x_wconf 83' lang='lat' dir='ltr'>ol</span> <span class='ocrx_word' id='word_1_299' title='bbox 1247 3026 1289 3074; x_wconf 88' lang='lat' dir='ltr'>the</span> 
     </span>
     <span class='ocr_line' id='line_1_31' title="bbox 94 3087 1288 3150; baseline 0.003 -16"><span class='ocrx_word' id='word_1_300' title='bbox 94 3088 188 3149; x_wconf 86' lang='lat' dir='ltr'>Hecyra</span> <span class='ocrx_word' id='word_1_301' title='bbox 195 3089 219 3136; x_wconf 90' lang='lat' dir='ltr'>ii.</span> <span class='ocrx_word' id='word_1_302' title='bbox 227 3093 251 3138; x_wconf 85' lang='grc'>2,</span> <span class='ocrx_word' id='word_1_303' title='bbox 261 3093 293 3137; x_wconf 85' lang='grc'>22</span> <span class='ocrx_word' id='word_1_304' title='bbox 303 3106 308 3135; x_wconf 91' lang='lat'><strong>:</strong></span> <span class='ocrx_word' id='word_1_305' title='bbox 322 3094 337 3115; x_wconf 91' lang='grc'>“</span> <span class='ocrx_word' id='word_1_306' title='bbox 346 3089 415 3140; x_wconf 80' lang='lat' dir='ltr'>Quae</span> <span class='ocrx_word' id='word_1_307' title='bbox 426 3089 485 3136; x_wconf 87' lang='lat' dir='ltr'>dicis</span> <span class='ocrx_word' id='word_1_308' title='bbox 496 3089 576 3135; x_wconf 87' lang='lat' dir='ltr'>omnia</span> <span class='ocrx_word' id='word_1_309' title='bbox 586 3103 637 3135; x_wconf 81' lang='lat' dir='ltr'>ease</span> <span class='ocrx_word' id='word_1_310' title='bbox 646 3093 674 3134; x_wconf 86' lang='lat' dir='ltr'>nt</span> <span class='ocrx_word' id='word_1_311' title='bbox 706 3087 785 3134; x_wconf 86' lang='lat' dir='ltr'>clause</span> <span class='ocrx_word' id='word_1_312' title='bbox 793 3102 903 3149; x_wconf 84' lang='lat' dir='ltr'>compare</span> <span class='ocrx_word' id='word_1_313' title='bbox 916 3093 987 3150; x_wconf 85' lang='lat' dir='ltr'>&#39;opus</span> <span class='ocrx_word' id='word_1_314' title='bbox 995 3089 1058 3136; x_wconf 83' lang='lat' dir='ltr'>laeto</span> <span class='ocrx_word' id='word_1_315' title='bbox 1066 3089 1146 3144; x_wconf 57' lang='lat' dir='ltr'>essetf</span> <span class='ocrx_word' id='word_1_316' title='bbox 1155 3090 1247 3138; x_wconf 77' lang='lat' dir='ltr'>Andria</span> <span class='ocrx_word' id='word_1_317' title='bbox 1255 3090 1288 3138; x_wconf 88' lang='lat' dir='ltr'>iii.</span> 
     </span>
     <span class='ocr_line' id='line_1_32' title="bbox 92 3151 1289 3214; baseline 0.003 -16"><span class='ocrx_word' id='word_1_318' title='bbox 92 3152 150 3199; x_wconf 87' lang='lat' dir='ltr'>dicis</span> <span class='ocrx_word' id='word_1_319' title='bbox 169 3154 275 3201; x_wconf 87' lang='lat' dir='ltr'>animum</span> <span class='ocrx_word' id='word_1_320' title='bbox 295 3151 408 3200; x_wconf 84' lang='lat' dir='ltr'>induco.”</span> <span class='ocrx_word' id='word_1_321' title='bbox 442 3152 560 3214; x_wconf 87' lang='lat' dir='ltr'>Compare</span> <span class='ocrx_word' id='word_1_322' title='bbox 584 3153 672 3199; x_wconf 86' lang='lat' dir='ltr'>Heant.</span> <span class='ocrx_word' id='word_1_323' title='bbox 706 3154 729 3199; x_wconf 85' lang='grc'>2.</span> <span class='ocrx_word' id='word_1_324' title='bbox 750 3152 795 3208; x_wconf 84' lang='lat'>10;</span> <span class='ocrx_word' id='word_1_325' title='bbox 820 3157 919 3212; x_wconf 84' lang='lat' dir='ltr'>‘parato</span> <span class='ocrx_word' id='word_1_326' title='bbox 939 3153 1016 3214; x_wconf 85' lang='lat' dir='ltr'>opus,&#39;</span> <span class='ocrx_word' id='word_1_327' title='bbox 1035 3154 1068 3200; x_wconf 87' lang='lat' dir='ltr'>iii.</span> <span class='ocrx_word' id='word_1_328' title='bbox 1088 3156 1112 3200; x_wconf 86' lang='grc'>2.</span> <span class='ocrx_word' id='word_1_329' title='bbox 1132 3155 1178 3209; x_wconf 73' lang='grc' dir='ltr'>43ς</span> <span class='ocrx_word' id='word_1_330' title='bbox 1202 3156 1289 3202; x_wconf 82' lang='lat' dir='ltr'>&#39;tacito</span> 
     </span>
     <span class='ocr_line' id='line_1_33' title="bbox 92 3214 1289 3278; baseline 0.003 -15"><span class='ocrx_word' id='word_1_331' title='bbox 92 3217 205 3265; x_wconf 73' lang='lat' dir='ltr'>Protea</span> <span class='ocrx_word' id='word_1_332' title='bbox 239 3218 331 3265; x_wconf 80' lang='lat' dir='ltr'>Andria</span> <span class='ocrx_word' id='word_1_333' title='bbox 349 3218 380 3264; x_wconf 88' lang='lat' dir='ltr'>iv.</span> <span class='ocrx_word' id='word_1_334' title='bbox 399 3218 422 3264; x_wconf 86' lang='grc'>3.</span> <span class='ocrx_word' id='word_1_335' title='bbox 442 3218 466 3263; x_wconf 80' lang='grc'>6.</span> <span class='ocrx_word' id='word_1_336' title='bbox 502 3217 597 3278; x_wconf 83' lang='lat' dir='ltr'>Hecyra</span> <span class='ocrx_word' id='word_1_337' title='bbox 613 3217 636 3263; x_wconf 85' lang='lat' dir='ltr'>ii.</span> <span class='ocrx_word' id='word_1_338' title='bbox 648 3218 672 3264; x_wconf 87' lang='grc'>3.</span> <span class='ocrx_word' id='word_1_339' title='bbox 705 3221 743 3262; x_wconf 88' lang='lat' dir='ltr'>est</span> <span class='ocrx_word' id='word_1_340' title='bbox 761 3214 839 3277; x_wconf 87' lang='lat' dir='ltr'>opus,’</span> <span class='ocrx_word' id='word_1_341' title='bbox 859 3215 963 3276; x_wconf 82' lang='lat' dir='ltr'>Adelphi</span> <span class='ocrx_word' id='word_1_342' title='bbox 984 3217 1017 3263; x_wconf 86' lang='lat' dir='ltr'>iii.</span> <span class='ocrx_word' id='word_1_343' title='bbox 1037 3219 1059 3264; x_wconf 90' lang='grc'>2.</span> <span class='ocrx_word' id='word_1_344' title='bbox 1075 3221 1121 3272; x_wconf 74' lang='grc' dir='ltr'>44ς</span> <span class='ocrx_word' id='word_1_345' title='bbox 1140 3221 1289 3266; x_wconf 71' lang='grc' dir='ltr'><strong>ἰηιιεειιηο</strong></span> 
     </span>
     <span class='ocr_line' id='line_1_34' title="bbox 93 3279 1288 3343; baseline 0.003 -16"><span class='ocrx_word' id='word_1_346' title='bbox 93 3284 114 3327; x_wconf 92' lang='grc'>4.</span> <span class='ocrx_word' id='word_1_347' title='bbox 150 3283 194 3329; x_wconf 85' lang='lat' dir='ltr'>See</span> <span class='ocrx_word' id='word_1_348' title='bbox 213 3282 284 3330; x_wconf 79' lang='lat' dir='ltr'>index</span> <span class='ocrx_word' id='word_1_349' title='bbox 302 3287 329 3329; x_wconf 84' lang='lat' dir='ltr'>tc</span> <span class='ocrx_word' id='word_1_350' title='bbox 346 3282 388 3328; x_wconf 92' lang='lat' dir='ltr'>the</span> <span class='ocrx_word' id='word_1_351' title='bbox 404 3282 502 3343; x_wconf 87' lang='lat' dir='ltr'>phrases</span> <span class='ocrx_word' id='word_1_352' title='bbox 518 3281 546 3328; x_wconf 84' lang='lat' dir='ltr'>oi</span> <span class='ocrx_word' id='word_1_353' title='bbox 559 3282 672 3329; x_wconf 84' lang='lat' dir='ltr'>Terence.</span> <span class='ocrx_word' id='word_1_354' title='bbox 705 3294 766 3340; x_wconf 88' lang='lat' dir='ltr'>opus</span> <span class='ocrx_word' id='word_1_355' title='bbox 784 3279 838 3336; x_wconf 84' lang='lat' dir='ltr'>est,&#39;</span> <span class='ocrx_word' id='word_1_356' title='bbox 859 3280 954 3341; x_wconf 85' lang='lat' dir='ltr'>Hecyra</span> <span class='ocrx_word' id='word_1_357' title='bbox 974 3281 1042 3327; x_wconf 73' lang='lat' dir='ltr'>lite.</span> <span class='ocrx_word' id='word_1_358' title='bbox 1057 3282 1101 3337; x_wconf 77' lang='grc'>17;</span> <span class='ocrx_word' id='word_1_359' title='bbox 1116 3280 1164 3327; x_wconf 86' lang='lat' dir='ltr'>and</span> <span class='ocrx_word' id='word_1_360' title='bbox 1181 3289 1239 3330; x_wconf 88' lang='lat' dir='ltr'>note</span> <span class='ocrx_word' id='word_1_361' title='bbox 1255 3299 1288 3331; x_wconf 91' lang='lat' dir='ltr'>on</span> 
     </span>
     <span class='ocr_line' id='line_1_35' title="bbox 92 3344 824 3408; baseline -0.001 -16"><span class='ocrx_word' id='word_1_362' title='bbox 92 3345 174 3394; x_wconf 88' lang='lat' dir='ltr'>Cicero</span> <span class='ocrx_word' id='word_1_363' title='bbox 185 3362 239 3394; x_wconf 86' lang='lat' dir='ltr'>uses</span> <span class='ocrx_word' id='word_1_364' title='bbox 251 3348 318 3394; x_wconf 88' lang='lat' dir='ltr'>thcee</span> <span class='ocrx_word' id='word_1_365' title='bbox 336 3346 435 3408; x_wconf 79' lang='lat' dir='ltr'>phrases</span> <span class='ocrx_word' id='word_1_366' title='bbox 451 3345 593 3407; x_wconf 79' lang='lat' dir='ltr'>frequently.</span> <span class='ocrx_word' id='word_1_367' title='bbox 628 3346 674 3393; x_wconf 80' lang='lat' dir='ltr'>See</span> <span class='ocrx_word' id='word_1_368' title='bbox 705 3344 736 3390; x_wconf 83' lang='lat' dir='ltr'>iv.</span> <span class='ocrx_word' id='word_1_369' title='bbox 748 3346 772 3390; x_wconf 91' lang='grc'>4.</span> <span class='ocrx_word' id='word_1_370' title='bbox 785 3347 824 3391; x_wconf 93' lang='grc'>43.</span> 
     </span>
     <span class='ocr_line' id='line_1_36' title="bbox 91 3406 1284 3472; baseline 0 -16"><span class='ocrx_word' id='word_1_371' title='bbox 91 3409 225 3457; x_wconf 87' lang='lat' dir='ltr'>Foroelllni.</span> <span class='ocrx_word' id='word_1_372' title='bbox 738 3409 777 3462; x_wconf 82' lang='lat'>37.</span> <span class='ocrx_word' id='word_1_373' title='bbox 795 3409 831 3454; x_wconf 82' lang='lat' dir='ltr'>Et</span> <span class='ocrx_word' id='word_1_374' title='bbox 842 3406 906 3453; x_wconf 76' lang='lat' dir='ltr'>illud</span> <span class='ocrx_word' id='word_1_375' title='bbox 920 3408 981 3453; x_wconf 73' lang='lat' dir='ltr'>mihi</span> <span class='ocrx_word' id='word_1_376' title='bbox 991 3407 1078 3453; x_wconf 75' lang='lat' dir='ltr'>vitiam</span> <span class='ocrx_word' id='word_1_377' title='bbox 1091 3411 1127 3455; x_wconf 80' lang='lat' dir='ltr'>eet</span> <span class='ocrx_word' id='word_1_378' title='bbox 1137 3410 1284 3472; x_wconf 74' lang='lat' dir='ltr'>maalmam]</span> 
     </span>
     <span class='ocr_line' id='line_1_37' title="bbox 122 3469 1286 3537; baseline -0.003 -16"><span class='ocrx_word' id='word_1_379' title='bbox 122 3478 162 3521; x_wconf 73' lang='grc'>25.</span> <span class='ocrx_word' id='word_1_380' title='bbox 181 3475 406 3537; x_wconf 73' lang='lat' dir='ltr'>Hatereaateml]</span> <span class='ocrx_word' id='word_1_381' title='bbox 443 3474 495 3521; x_wconf 86' lang='lat' dir='ltr'>‘To</span> <span class='ocrx_word' id='word_1_382' title='bbox 510 3475 570 3522; x_wconf 83' lang='lat' dir='ltr'>here</span> <span class='ocrx_word' id='word_1_383' title='bbox 586 3473 672 3530; x_wconf 69' lang='lat' dir='ltr'>anile,</span> <span class='ocrx_word' id='word_1_384' title='bbox 706 3472 807 3519; x_wconf 89' lang='lat' dir='ltr'>Philotis</span> <span class='ocrx_word' id='word_1_385' title='bbox 817 3470 865 3518; x_wconf 82' lang='lat' dir='ltr'>had</span> <span class='ocrx_word' id='word_1_386' title='bbox 877 3469 1040 3525; x_wconf 81' lang='lat' dir='ltr'>said,‘Don&#39;t</span> <span class='ocrx_word' id='word_1_387' title='bbox 1051 3472 1124 3532; x_wconf 85' lang='lat' dir='ltr'>speak</span> <span class='ocrx_word' id='word_1_388' title='bbox 1132 3472 1157 3517; x_wconf 93' lang='lat' dir='ltr'>in</span> <span class='ocrx_word' id='word_1_389' title='bbox 1167 3472 1219 3518; x_wconf 82' lang='lat' dir='ltr'>that</span> <span class='ocrx_word' id='word_1_390' title='bbox 1227 3487 1286 3535; x_wconf 77' lang='lat' dir='ltr'>way,</span> 
     </span>
     <span class='ocr_line' id='line_1_38' title="bbox 90 3536 1288 3599; baseline 0.002 -16"><span class='ocrx_word' id='word_1_391' title='bbox 90 3537 259 3599; x_wconf 61' lang='lat' dir='ltr'>doyousay?</span> <span class='ocrx_word' id='word_1_392' title='bbox 294 3542 397 3587; x_wconf 81' lang='lat' dir='ltr'>‘Autem</span> <span class='ocrx_word' id='word_1_393' title='bbox 407 3539 446 3585; x_wconf 84' lang='lat' dir='ltr'>’.is</span> <span class='ocrx_word' id='word_1_394' title='bbox 461 3539 597 3585; x_wconf 84' lang='lat' dir='ltr'>sometimes</span> <span class='ocrx_word' id='word_1_395' title='bbox 614 3538 673 3584; x_wconf 88' lang='lat' dir='ltr'>used</span> <span class='ocrx_word' id='word_1_396' title='bbox 706 3536 830 3583; x_wconf 82' lang='lat' dir='ltr'>Parmeno.</span> <span class='ocrx_word' id='word_1_397' title='bbox 865 3536 1060 3596; x_wconf 82' lang='lat' dir='ltr'>Asilyouwere</span> <span class='ocrx_word' id='word_1_398' title='bbox 1077 3540 1120 3581; x_wconf 90' lang='lat' dir='ltr'>not</span> <span class='ocrx_word' id='word_1_399' title='bbox 1138 3536 1288 3585; x_wconf 87' lang='lat' dir='ltr'>muchmore</span> 
     </span>
     <span class='ocr_line' id='line_1_39' title="bbox 90 3599 1287 3664; baseline 0.003 -18"><span class='ocrx_word' id='word_1_400' title='bbox 90 3601 115 3646; x_wconf 90' lang='lat' dir='ltr'>in</span> <span class='ocrx_word' id='word_1_401' title='bbox 136 3603 258 3662; x_wconf 87' lang='lat' dir='ltr'>questions</span> <span class='ocrx_word' id='word_1_402' title='bbox 277 3608 303 3650; x_wconf 88' lang='lat' dir='ltr'>to</span> <span class='ocrx_word' id='word_1_403' title='bbox 323 3607 415 3650; x_wconf 85' lang='lat' dir='ltr'>correct</span> <span class='ocrx_word' id='word_1_404' title='bbox 436 3618 450 3649; x_wconf 85' lang='lat' dir='ltr'>a</span> <span class='ocrx_word' id='word_1_405' title='bbox 468 3604 577 3664; x_wconf 83' lang='lat' dir='ltr'>previous</span> <span class='ocrx_word' id='word_1_406' title='bbox 598 3608 671 3650; x_wconf 83' lang='lat' dir='ltr'>atate-</span> <span class='ocrx_word' id='word_1_407' title='bbox 704 3601 804 3647; x_wconf 84' lang='lat' dir='ltr'>anxious</span> <span class='ocrx_word' id='word_1_408' title='bbox 815 3605 841 3647; x_wconf 86' lang='lat' dir='ltr'>to</span> <span class='ocrx_word' id='word_1_409' title='bbox 852 3600 894 3647; x_wconf 88' lang='lat' dir='ltr'>tell</span> <span class='ocrx_word' id='word_1_410' title='bbox 905 3615 944 3647; x_wconf 90' lang='lat' dir='ltr'>me</span> <span class='ocrx_word' id='word_1_411' title='bbox 955 3600 1010 3655; x_wconf 87' lang='lat' dir='ltr'>this,</span> <span class='ocrx_word' id='word_1_412' title='bbox 1022 3599 1081 3646; x_wconf 86' lang='lat' dir='ltr'>than</span> <span class='ocrx_word' id='word_1_413' title='bbox 1094 3599 1106 3646; x_wconf 91' lang='lat'>1</span> <span class='ocrx_word' id='word_1_414' title='bbox 1117 3599 1170 3647; x_wconf 83' lang='lat' dir='ltr'>who</span> <span class='ocrx_word' id='word_1_415' title='bbox 1181 3601 1224 3647; x_wconf 77' lang='lat' dir='ltr'>asir</span> <span class='ocrx_word' id='word_1_416' title='bbox 1239 3615 1287 3663; x_wconf 83' lang='lat' dir='ltr'>yon</span> 
     </span>
     <span class='ocr_line' id='line_1_40' title="bbox 90 3664 1286 3727; baseline 0.003 -17"><span class='ocrx_word' id='word_1_417' title='bbox 90 3673 165 3711; x_wconf 87' lang='lat' dir='ltr'>ment.</span> <span class='ocrx_word' id='word_1_418' title='bbox 190 3666 307 3727; x_wconf 83' lang='lat' dir='ltr'>Compare</span> <span class='ocrx_word' id='word_1_419' title='bbox 318 3667 578 3723; x_wconf 63' lang='lat' dir='ltr'>Cicero,Addtticum</span> <span class='ocrx_word' id='word_1_420' title='bbox 591 3682 612 3713; x_wconf 81' lang='lat' dir='ltr'>r.</span> <span class='ocrx_word' id='word_1_421' title='bbox 627 3668 671 3714; x_wconf 73' lang='lat'>13:</span> <span class='ocrx_word' id='word_1_422' title='bbox 705 3679 743 3711; x_wconf 81' lang='lat' dir='ltr'>em</span> <span class='ocrx_word' id='word_1_423' title='bbox 761 3669 787 3711; x_wconf 87' lang='lat' dir='ltr'>to</span> <span class='ocrx_word' id='word_1_424' title='bbox 809 3666 880 3711; x_wconf 76' lang='lat' dir='ltr'>know</span> <span class='ocrx_word' id='word_1_425' title='bbox 898 3665 935 3712; x_wconf 80' lang='lat' dir='ltr'>it’</span> <span class='ocrx_word' id='word_1_426' title='bbox 981 3664 1069 3715; x_wconf 78' lang='lat' dir='ltr'>‘Quite</span> <span class='ocrx_word' id='word_1_427' title='bbox 1091 3664 1162 3721; x_wconf 85' lang='lat' dir='ltr'>true,&#39;</span> <span class='ocrx_word' id='word_1_428' title='bbox 1183 3679 1286 3713; x_wconf 69' lang='lat' dir='ltr'>ansrers</span> 
     </span>
     <span class='ocr_line' id='line_1_41' title="bbox 90 3729 1285 3792; baseline -0.003 -12"><span class='ocrx_word' id='word_1_429' title='bbox 90 3733 105 3755; x_wconf 91' lang='grc'>“</span> <span class='ocrx_word' id='word_1_430' title='bbox 115 3730 178 3780; x_wconf 80' lang='lat' dir='ltr'>Quid</span> <span class='ocrx_word' id='word_1_431' title='bbox 190 3731 215 3775; x_wconf 91' lang='lat' dir='ltr'>in</span> <span class='ocrx_word' id='word_1_432' title='bbox 228 3730 357 3792; x_wconf 83' lang='lat' dir='ltr'>Republica</span> <span class='ocrx_word' id='word_1_433' title='bbox 376 3734 432 3779; x_wconf 74' lang='lat' dir='ltr'>fiatr</span> <span class='ocrx_word' id='word_1_434' title='bbox 450 3732 493 3778; x_wconf 85' lang='lat' dir='ltr'>fiat</span> <span class='ocrx_word' id='word_1_435' title='bbox 509 3732 607 3778; x_wconf 87' lang='lat' dir='ltr'>autem?</span> <span class='ocrx_word' id='word_1_436' title='bbox 623 3732 672 3778; x_wconf 89' lang='lat' dir='ltr'>imo</span> <span class='ocrx_word' id='word_1_437' title='bbox 706 3729 836 3786; x_wconf 82' lang='lat' dir='ltr'>Parmeno;</span> <span class='ocrx_word' id='word_1_438' title='bbox 854 3729 914 3775; x_wconf 80' lang='lat' dir='ltr'>‘and</span> <span class='ocrx_word' id='word_1_439' title='bbox 933 3729 987 3776; x_wconf 85' lang='lat' dir='ltr'>that</span> <span class='ocrx_word' id='word_1_440' title='bbox 1005 3729 1026 3775; x_wconf 93' lang='lat' dir='ltr'>is</span> <span class='ocrx_word' id='word_1_441' title='bbox 1043 3744 1083 3789; x_wconf 89' lang='lat' dir='ltr'>my</span> <span class='ocrx_word' id='word_1_442' title='bbox 1103 3734 1206 3790; x_wconf 76' lang='lat' dir='ltr'>greatest</span> <span class='ocrx_word' id='word_1_443' title='bbox 1216 3729 1285 3777; x_wconf 84' lang='lat' dir='ltr'>iault.</span> 
     </span>
     <span class='ocr_line' id='line_1_42' title="bbox 89 3793 1285 3857; baseline 0.003 -18"><span class='ocrx_word' id='word_1_444' title='bbox 89 3809 145 3839; x_wconf 83' lang='lat' dir='ltr'>vcro</span> <span class='ocrx_word' id='word_1_445' title='bbox 157 3795 229 3841; x_wconf 86' lang='lat' dir='ltr'>etiam</span> <span class='ocrx_word' id='word_1_446' title='bbox 250 3795 306 3855; x_wconf 90' lang='lat' dir='ltr'>quid</span> <span class='ocrx_word' id='word_1_447' title='bbox 323 3796 429 3843; x_wconf 78' lang='lat' dir='ltr'>futurum</span> <span class='ocrx_word' id='word_1_448' title='bbox 450 3798 482 3843; x_wconf 85' lang='lat' dir='ltr'>eit</span> <span class='ocrx_word' id='word_1_449' title='bbox 500 3795 621 3857; x_wconf 83' lang='lat' dir='ltr'>perscribe</span> <span class='ocrx_word' id='word_1_450' title='bbox 639 3795 668 3841; x_wconf 93' lang='lat' dir='ltr'>ad</span> <span class='ocrx_word' id='word_1_451' title='bbox 705 3793 738 3839; x_wconf 85' lang='lat' dir='ltr'>So</span> <span class='ocrx_word' id='word_1_452' title='bbox 755 3793 777 3839; x_wconf 79' lang='lat' dir='ltr'>il</span> <span class='ocrx_word' id='word_1_453' title='bbox 792 3808 842 3854; x_wconf 92' lang='lat' dir='ltr'>you</span> <span class='ocrx_word' id='word_1_454' title='bbox 859 3794 905 3840; x_wconf 76' lang='lat' dir='ltr'>will</span> <span class='ocrx_word' id='word_1_455' title='bbox 920 3793 1024 3855; x_wconf 84' lang='lat' dir='ltr'>promise</span> <span class='ocrx_word' id='word_1_456' title='bbox 1040 3797 1067 3839; x_wconf 83' lang='lat' dir='ltr'>to</span> <span class='ocrx_word' id='word_1_457' title='bbox 1084 3793 1145 3854; x_wconf 79' lang='lat' dir='ltr'>keep</span> <span class='ocrx_word' id='word_1_458' title='bbox 1156 3793 1175 3838; x_wconf 90' lang='lat' dir='ltr'>it</span> <span class='ocrx_word' id='word_1_459' title='bbox 1186 3793 1285 3854; x_wconf 71' lang='lat' dir='ltr'>quieti</span> 
     </span>
     <span class='ocr_line' id='line_1_43' title="bbox 89 3856 1285 3920; baseline 0.002 -17"><span class='ocrx_word' id='word_1_460' title='bbox 89 3873 128 3904; x_wconf 91' lang='lat' dir='ltr'>me</span> <span class='ocrx_word' id='word_1_461' title='bbox 147 3859 254 3905; x_wconf 81' lang='lat' dir='ltr'>omnia.&#39;&#39;</span> <span class='ocrx_word' id='word_1_462' title='bbox 288 3859 347 3920; x_wconf 86' lang='lat' dir='ltr'>Livy</span> <span class='ocrx_word' id='word_1_463' title='bbox 367 3862 414 3907; x_wconf 80' lang='lat' dir='ltr'>xri.</span> <span class='ocrx_word' id='word_1_464' title='bbox 436 3863 481 3908; x_wconf 74' lang='lat' dir='ltr'>lt:</span> <span class='ocrx_word' id='word_1_465' title='bbox 500 3861 611 3906; x_wconf 82' lang='lat' dir='ltr'>“Parum</span> <span class='ocrx_word' id='word_1_466' title='bbox 633 3865 670 3905; x_wconf 87' lang='lat' dir='ltr'>est</span> <span class='ocrx_word' id='word_1_467' title='bbox 702 3856 880 3918; x_wconf 66' lang='lat' dir='ltr'>milltellyoo!</span> <span class='ocrx_word' id='word_1_468' title='bbox 905 3857 1285 3919; x_wconf 79' lang='lat' dir='ltr'>Servantsaleoursearealrraya</span> 
     </span>
     <span class='ocr_line' id='line_1_44' title="bbox 88 3919 1286 3983; baseline 0.001 -15"><span class='ocrx_word' id='word_1_469' title='bbox 88 3923 152 3983; x_wconf 91' lang='lat' dir='ltr'>quod</span> <span class='ocrx_word' id='word_1_470' title='bbox 175 3924 278 3970; x_wconf 83' lang='lat' dir='ltr'>Siciliam</span> <span class='ocrx_word' id='word_1_471' title='bbox 300 3924 396 3979; x_wconf 76' lang='lat' dir='ltr'>ademit,</span> <span class='ocrx_word' id='word_1_472' title='bbox 420 3925 466 3971; x_wconf 85' lang='lat' dir='ltr'>nisi</span> <span class='ocrx_word' id='word_1_473' title='bbox 487 3924 578 3971; x_wconf 83' lang='lat' dir='ltr'>adimat</span> <span class='ocrx_word' id='word_1_474' title='bbox 598 3924 669 3969; x_wconf 84' lang='lat' dir='ltr'>etiam</span> <span class='ocrx_word' id='word_1_475' title='bbox 703 3921 899 3982; x_wconf 84' lang='lat' dir='ltr'>unabletokeep</span> <span class='ocrx_word' id='word_1_476' title='bbox 910 3920 973 3967; x_wconf 87' lang='lat' dir='ltr'>their</span> <span class='ocrx_word' id='word_1_477' title='bbox 984 3919 1092 3967; x_wconf 86' lang='lat' dir='ltr'>masters&#39;</span> <span class='ocrx_word' id='word_1_478' title='bbox 1110 3926 1204 3967; x_wconf 84' lang='lat' dir='ltr'>secrete.</span> <span class='ocrx_word' id='word_1_479' title='bbox 1239 3921 1286 3969; x_wconf 86' lang='lat' dir='ltr'>For</span> 
     </span>
     <span class='ocr_line' id='line_1_45' title="bbox 88 3983 1288 4048; baseline 0.002 -16"><span class='ocrx_word' id='word_1_480' title='bbox 88 3987 246 4048; x_wconf 81' lang='lat' dir='ltr'>Hispaniam:</span> <span class='ocrx_word' id='word_1_481' title='bbox 264 3993 297 4044; x_wconf 87' lang='lat' dir='ltr'>et,</span> <span class='ocrx_word' id='word_1_482' title='bbox 309 3989 329 4035; x_wconf 90' lang='lat' dir='ltr'>si</span> <span class='ocrx_word' id='word_1_483' title='bbox 340 3989 395 4036; x_wconf 87' lang='lat' dir='ltr'>inde</span> <span class='ocrx_word' id='word_1_484' title='bbox 406 4003 506 4044; x_wconf 86' lang='lat' dir='ltr'>cessem,</span> <span class='ocrx_word' id='word_1_485' title='bbox 518 3990 543 4034; x_wconf 91' lang='lat' dir='ltr'>in</span> <span class='ocrx_word' id='word_1_486' title='bbox 564 3986 669 4034; x_wconf 81' lang='lat' dir='ltr'>Africam</span> <span class='ocrx_word' id='word_1_487' title='bbox 704 3985 748 4032; x_wconf 87' lang='lat' dir='ltr'>‘ad</span> <span class='ocrx_word' id='word_1_488' title='bbox 759 3985 880 4044; x_wconf 85' lang='lat' dir='ltr'>ingenium</span> <span class='ocrx_word' id='word_1_489' title='bbox 899 3983 979 4038; x_wconf 68' lang='lat' dir='ltr'>redis:</span> <span class='ocrx_word' id='word_1_490' title='bbox 992 3988 1060 4030; x_wconf 80' lang='lat' dir='ltr'>‘now</span> <span class='ocrx_word' id='word_1_491' title='bbox 1071 3998 1118 4045; x_wconf 89' lang='lat' dir='ltr'>you</span> <span class='ocrx_word' id='word_1_492' title='bbox 1130 3998 1170 4031; x_wconf 85' lang='lat' dir='ltr'>are</span> <span class='ocrx_word' id='word_1_493' title='bbox 1181 3985 1288 4045; x_wconf 73' lang='lat' dir='ltr'>yonrselt</span> 
     </span>
     <span class='ocr_line' id='line_1_46' title="bbox 86 4047 1285 4110; baseline -0.003 -13"><span class='ocrx_word' id='word_1_494' title='bbox 86 4054 246 4100; x_wconf 85' lang='lat' dir='ltr'>transcendet.</span> <span class='ocrx_word' id='word_1_495' title='bbox 269 4053 432 4100; x_wconf 84' lang='lat' dir='ltr'>Transcendet</span> <span class='ocrx_word' id='word_1_496' title='bbox 442 4059 522 4100; x_wconf 87' lang='lat' dir='ltr'>autem</span> <span class='ocrx_word' id='word_1_497' title='bbox 530 4052 582 4098; x_wconf 90' lang='lat' dir='ltr'>dieo</span> <span class='ocrx_word' id='word_1_498' title='bbox 590 4050 616 4097; x_wconf 84' lang='lat'>?&#39;’</span> <span class='ocrx_word' id='word_1_499' title='bbox 625 4053 668 4098; x_wconf 73' lang='lat' dir='ltr'>lec.</span> <span class='ocrx_word' id='word_1_500' title='bbox 702 4049 788 4110; x_wconf 88' lang='lat' dir='ltr'>again,&#39;</span> <span class='ocrx_word' id='word_1_501' title='bbox 800 4063 911 4110; x_wconf 84' lang='lat' dir='ltr'>compare</span> <span class='ocrx_word' id='word_1_502' title='bbox 922 4047 1026 4108; x_wconf 76' lang='lat' dir='ltr'>Adelphi</span> <span class='ocrx_word' id='word_1_503' title='bbox 1037 4048 1052 4094; x_wconf 90' lang='lat' dir='ltr'>i.</span> <span class='ocrx_word' id='word_1_504' title='bbox 1067 4050 1088 4096; x_wconf 93' lang='lat' dir='ltr'>l.</span> <span class='ocrx_word' id='word_1_505' title='bbox 1099 4049 1145 4096; x_wconf 73' lang='lat'>46:</span> <span class='ocrx_word' id='word_1_506' title='bbox 1165 4052 1180 4076; x_wconf 83' lang='lat'>‘¹</span> <span class='ocrx_word' id='word_1_507' title='bbox 1191 4049 1215 4095; x_wconf 87' lang='lat' dir='ltr'>Si</span> <span class='ocrx_word' id='word_1_508' title='bbox 1231 4064 1285 4110; x_wconf 86' lang='lat' dir='ltr'>spe·</span> 
     </span>
     <span class='ocr_line' id='line_1_47' title="bbox 86 4111 1285 4172; baseline -0.003 -9"><span class='ocrx_word' id='word_1_509' title='bbox 86 4116 131 4163; x_wconf 82' lang='lat' dir='ltr'>See</span> <span class='ocrx_word' id='word_1_510' title='bbox 143 4117 381 4166; x_wconf 67' lang='lat' dir='ltr'>Phormionem:</span> <span class='ocrx_word' id='word_1_511' title='bbox 702 4119 740 4160; x_wconf 88' lang='lat' dir='ltr'>rat</span> <span class='ocrx_word' id='word_1_512' title='bbox 756 4112 806 4159; x_wconf 83' lang='lat' dir='ltr'>lore</span> <span class='ocrx_word' id='word_1_513' title='bbox 820 4112 889 4165; x_wconf 89' lang='lat' dir='ltr'>clam,</span> <span class='ocrx_word' id='word_1_514' title='bbox 903 4125 998 4158; x_wconf 85' lang='lat' dir='ltr'>rursum</span> <span class='ocrx_word' id='word_1_515' title='bbox 1012 4111 1042 4157; x_wconf 88' lang='lat' dir='ltr'>ad</span> <span class='ocrx_word' id='word_1_516' title='bbox 1057 4112 1179 4172; x_wconf 82' lang='lat' dir='ltr'>ingenium</span> <span class='ocrx_word' id='word_1_517' title='bbox 1196 4111 1285 4170; x_wconf 87' lang='lat' dir='ltr'>redit,&#39;&#39;</span> 
     </span>
     <span class='ocr_line' id='line_1_48' title="bbox 702 4175 1285 4237; baseline 0.003 -13"><span class='ocrx_word' id='word_1_518' title='bbox 702 4176 750 4224; x_wconf 87' lang='lat' dir='ltr'>and</span> <span class='ocrx_word' id='word_1_519' title='bbox 770 4176 807 4223; x_wconf 87' lang='lat' dir='ltr'>lor</span> <span class='ocrx_word' id='word_1_520' title='bbox 825 4176 894 4223; x_wconf 80' lang='lat' dir='ltr'>‘istic</span> <span class='ocrx_word' id='word_1_521' title='bbox 913 4175 984 4231; x_wconf 86' lang='lat' dir='ltr'>sum,&#39;</span> <span class='ocrx_word' id='word_1_522' title='bbox 1005 4175 1032 4222; x_wconf 85' lang='lat' dir='ltr'>‘I</span> <span class='ocrx_word' id='word_1_523' title='bbox 1053 4191 1092 4222; x_wconf 86' lang='lat' dir='ltr'>am</span> <span class='ocrx_word' id='word_1_524' title='bbox 1113 4176 1238 4237; x_wconf 85' lang='lat' dir='ltr'>attending</span> <span class='ocrx_word' id='word_1_525' title='bbox 1258 4182 1285 4226; x_wconf 81' lang='lat' dir='ltr'>to</span> 
     </span>
     <span class='ocr_line' id='line_1_49' title="bbox 140 4239 1284 4304; baseline -0.001 -11"><span class='ocrx_word' id='word_1_526' title='bbox 140 4242 315 4294; x_wconf 78' lang='lat' dir='ltr'>“——Quasi</span> <span class='ocrx_word' id='word_1_527' title='bbox 326 4258 375 4291; x_wconf 90' lang='lat' dir='ltr'>non</span> <span class='ocrx_word' id='word_1_528' title='bbox 386 4242 459 4300; x_wconf 88' lang='lat' dir='ltr'>noris,</span> <span class='ocrx_word' id='word_1_529' title='bbox 471 4245 615 4304; x_wconf 84' lang='lat' dir='ltr'>temptatum</span> <span class='ocrx_word' id='word_1_530' title='bbox 626 4239 668 4286; x_wconf 90' lang='lat' dir='ltr'>ad·</span> <span class='ocrx_word' id='word_1_531' title='bbox 701 4240 765 4303; x_wconf 86' lang='lat' dir='ltr'>yon,&#39;</span> <span class='ocrx_word' id='word_1_532' title='bbox 786 4245 843 4288; x_wconf 85' lang='lat' dir='ltr'>note</span> <span class='ocrx_word' id='word_1_533' title='bbox 862 4254 893 4286; x_wconf 88' lang='lat' dir='ltr'>on</span> <span class='ocrx_word' id='word_1_534' title='bbox 911 4239 1002 4286; x_wconf 76' lang='lat' dir='ltr'>Andria</span> <span class='ocrx_word' id='word_1_535' title='bbox 1020 4240 1037 4286; x_wconf 91' lang='lat' dir='ltr'>i.</span> <span class='ocrx_word' id='word_1_536' title='bbox 1057 4243 1081 4288; x_wconf 89' lang='grc'>2.</span> <span class='ocrx_word' id='word_1_537' title='bbox 1101 4241 1137 4288; x_wconf 77' lang='lat' dir='ltr'>lt.</span> <span class='ocrx_word' id='word_1_538' title='bbox 1172 4240 1236 4289; x_wconf 82' lang='lat' dir='ltr'>lnr.</span> <span class='ocrx_word' id='word_1_539' title='bbox 1251 4243 1284 4292; x_wconf 75' lang='lat'>³6</span> 
     </span>
     <span class='ocr_line' id='line_1_50' title="bbox 149 4303 1284 4366; baseline 0.002 -13"><span class='ocrx_word' id='word_1_540' title='bbox 149 4307 224 4355; x_wconf 84' lang='lat' dir='ltr'>venis.</span> <span class='ocrx_word' id='word_1_541' title='bbox 701 4305 768 4352; x_wconf 88' lang='lat' dir='ltr'>there</span> <span class='ocrx_word' id='word_1_542' title='bbox 786 4306 807 4352; x_wconf 91' lang='lat' dir='ltr'>is</span> <span class='ocrx_word' id='word_1_543' title='bbox 827 4304 927 4351; x_wconf 88' lang='lat' dir='ltr'>another</span> <span class='ocrx_word' id='word_1_544' title='bbox 945 4303 1052 4364; x_wconf 82' lang='lat' dir='ltr'>reading,</span> <span class='ocrx_word' id='word_1_545' title='bbox 1067 4305 1222 4366; x_wconf 83' lang='lat' dir='ltr'>‘perconter,&#39;</span> <span class='ocrx_word' id='word_1_546' title='bbox 1239 4304 1284 4355; x_wconf 77' lang='lat' dir='ltr'>tut</span> 
     </span>
     <span class='ocr_line' id='line_1_51' title="bbox 119 4367 1086 4433; baseline -0.002 -15"><span class='ocrx_word' id='word_1_547' title='bbox 119 4373 164 4419; x_wconf 84' lang='lat' dir='ltr'>De.</span> <span class='ocrx_word' id='word_1_548' title='bbox 183 4372 267 4432; x_wconf 83' lang='lat' dir='ltr'>Egone</span> <span class='ocrx_word' id='word_1_549' title='bbox 278 4376 358 4418; x_wconf 84' lang='lat' dir='ltr'>autem</span> <span class='ocrx_word' id='word_1_550' title='bbox 370 4375 463 4433; x_wconf 85' lang='lat' dir='ltr'>tempto</span> <span class='ocrx_word' id='word_1_551' title='bbox 472 4369 498 4418; x_wconf 88' lang='lat'>?&#39;&#39;</span> <span class='ocrx_word' id='word_1_552' title='bbox 700 4370 743 4418; x_wconf 86' lang='lat' dir='ltr'>the</span> <span class='ocrx_word' id='word_1_553' title='bbox 754 4372 807 4417; x_wconf 81' lang='lat' dir='ltr'>text</span> <span class='ocrx_word' id='word_1_554' title='bbox 816 4368 882 4430; x_wconf 80' lang='lat' dir='ltr'>gives</span> <span class='ocrx_word' id='word_1_555' title='bbox 891 4368 934 4416; x_wconf 91' lang='lat' dir='ltr'>the</span> <span class='ocrx_word' id='word_1_556' title='bbox 944 4367 999 4417; x_wconf 86' lang='lat' dir='ltr'>hest</span> <span class='ocrx_word' id='word_1_557' title='bbox 1009 4382 1086 4416; x_wconf 77' lang='grc' dir='ltr'>ιοιιιο.</span> 
     </span>
     <span class='ocr_line' id='line_1_52' title="bbox 87 4433 670 4497; baseline -0.005 -14"><span class='ocrx_word' id='word_1_558' title='bbox 87 4436 117 4483; x_wconf 90' lang='lat' dir='ltr'>In</span> <span class='ocrx_word' id='word_1_559' title='bbox 127 4451 143 4483; x_wconf 87' lang='lat' dir='ltr'>a</span> <span class='ocrx_word' id='word_1_560' title='bbox 153 4436 199 4483; x_wconf 84' lang='lat' dir='ltr'>leas</span> <span class='ocrx_word' id='word_1_561' title='bbox 211 4436 309 4483; x_wconf 83' lang='lat' dir='ltr'>marked</span> <span class='ocrx_word' id='word_1_562' title='bbox 319 4451 380 4497; x_wconf 80' lang='lat' dir='ltr'>way,</span> <span class='ocrx_word' id='word_1_563' title='bbox 391 4436 440 4483; x_wconf 82' lang='lat' dir='ltr'>this</span> <span class='ocrx_word' id='word_1_564' title='bbox 447 4433 670 4483; x_wconf 69' lang='lat' dir='ltr'>adversativam</span> 
     </span>
    </p>
   </div>
   <div class='ocr_carea' id='block_1_5' title="bbox 656 4497 715 4561">
    <p class='ocr_par' dir='ltr' id='par_1_5' title="bbox 656 4497 715 4561">
     <span class='ocr_line' id='line_1_53' title="bbox 656 4497 715 4561; baseline 0.017 -1"><span class='ocrx_word' id='word_1_565' title='bbox 656 4497 715 4561; x_wconf 81' lang='lat' dir='ltr'>za</span> 
     </span>
    </p>
   </div>
   <div class='ocr_carea' id='block_1_6' title="bbox 0 0 1464 4854">
    <p class='ocr_par' dir='ltr' id='par_1_6' title="bbox 0 0 1464 4854">
     <span class='ocr_line' id='line_1_54' title="bbox 0 0 1464 4854; baseline 0 4"><span class='ocrx_word' id='word_1_566' title='bbox 0 0 1464 4854; x_wconf 95' lang='lat' dir='ltr'> </span> 
     </span>
    </p>
   </div>
  </div>
 </body>
</html>
